2028 3261
511 271 800 302 CONJVRATro
834 272 1087 305 CATILINAE
1122 263 1167 310 [c.
1192 265 1346 312 13-15]
1614 275 1666 314 23

186 377 437 435 cottidiano
469 392 553 419 usu
586 384 724 431 atque
755 377 972 419 illecebris
1003 377 1133 419 facile
1164 392 1246 432 par
1278 379 1527 431 similisque
1560 386 1674 420 cete-

186 448 244 488 ris
278 447 575 489 efficiebatur.
643 449 720 489 sed
754 461 967 489 maxume
1002 449 1360 489 adulescentium
1395 449 1675 490 familiarita-
1697 459 1720 501 5

185 523 253 558 tes
290 519 551 572 adpetebat;
592 533 747 560 eorum
785 518 922 559 animi
961 519 1116 559 molles
1152 519 1292 559 etiam
1330 524 1376 559 et
1412 519 1525 560 fluxi
1564 520 1677 560 dolis

184 589 307 629 haud
341 588 587 630 difficulter
620 588 928 642 capiebantur.
994 602 1101 629 nam
1135 594 1187 629 ut
1221 589 1438 641 cuiusque
1473 590 1676 630 studium
1696 589 1722 630 6

136 667 160 710 5
184 673 239 699 ex
264 664 415 700 aetate
439 659 679 712 flagrabat,
708 658 804 699 aliis
828 664 977 699 scorta
1001 659 1228 711 praebere,
1257 659 1354 700 aliis
1379 674 1511 700 canes
1537 666 1675 712 atque

184 743 323 782 equos
347 729 546 777 mercari;
602 734 832 782 postremo
857 743 1002 781 neque
1027 729 1229 782 sumptui
1255 744 1401 782 neque
1426 731 1675 771 modestiae

184 812 289 840 suae
330 812 525 852 parcere,
572 799 681 840 dum
722 799 821 840 illos
861 799 1082 840 obnoxios
1120 800 1327 852 fidosque
1370 801 1453 841 sibi
1490 801 1670 841 faceret.

184 869 273 911 scio
303 869 439 910 fuisse
470 869 722 917 nonnullos,
771 869 846 922 qui
877 870 943 910 ita
974 870 1317 919 existumarent,
1370 871 1671 920 iuuentutem,
1694 884 1720 924 7

184 953 298 992 quae
331 940 518 980 domum
553 939 771 981 Catilinae
803 940 1140 993 frequentabat,
1175 955 1338 994 parum
1372 942 1560 982 honeste
1593 956 1673 995 pu-

111 1021 164 1050 10
186 1009 388 1050 dicitiam
422 1010 645 1059 habuisse,
684 1011 761 1051 sed
795 1025 850 1051 ex
886 1011 981 1052 aliis
1017 1011 1148 1052 rebus
1184 1012 1338 1064 magis,
1378 1026 1516 1064 quam
1552 1013 1674 1065 quod

182 1080 395 1132 cuiquam
432 1081 477 1121 id
516 1087 784 1134 conpertum
821 1081 949 1129 foret,
990 1082 1100 1122 haec
1136 1081 1260 1122 fama
1298 1083 1494 1123 ualebat.

275 1152 374 1191 Iam
403 1151 601 1204 primum
632 1152 893 1193 adulescens
914 1152 1106 1193 Catilina
1129 1153 1274 1193 multa
1295 1153 1493 1194 nefanda
1514 1159 1673 1206 stupra
1696 1163 1743 1201 15

180 1220 360 1269 fecerat,
403 1235 506 1262 cum
545 1222 716 1275 uirgine
755 1222 907 1269 nobili,
950 1236 1053 1263 cum
1092 1224 1325 1264 sacerdote
1366 1226 1543 1271 Vestae,
1586 1224 1672 1264 alia

179 1291 363 1332 huiusce
394 1292 515 1333 modi
547 1298 705 1333 contra
734 1293 803 1333 ius
832 1293 1003 1345 fasque.
1066 1299 1297 1347 postremo
1328 1300 1489 1347 captus
1521 1309 1673 1335 amore
1693 1305 1716 1335 2

108 1371 160 1414 15
183 1362 389 1403 Aureliae
424 1362 671 1411 Orestillae,
708 1363 834 1404 cuius
867 1370 1045 1416 praeter
1078 1364 1272 1405 formam
1307 1365 1416 1405 nihil
1451 1379 1672 1417 umquam

178 1432 324 1473 bonus
350 1433 570 1481 laudauit,
603 1435 724 1486 quod
752 1448 804 1474 ea
832 1435 998 1475 nubere
1026 1435 1087 1474 illi
1116 1435 1363 1476 dubitabat
1390 1436 1557 1476 timens
1584 1435 1670 1488 pri-

274 1560 303 1581 Ι.
349 1551 456 1582 Arzts.
496 1552 568 1582 VII
588 1556 612 1592 ᾧ
634 1560 698 1592 507
720 1553 766 1583 K.
792 1553 933 1583 'sz’zzzilz's
957 1553 1022 1583 illi*
1042 1571 1089 1575 —
1107 1572 1154 1575 —
1172 1573 1218 1576 —
1262 1554 1335 1585 Sal.
1360 1555 1484 1585 Cam..-
1529 1554 1668 1585 similis-

179 1618 249 1650 que
277 1610 406 1640 ceteris
434 1610 675 1641 efficiebatur.

273 1670 303 1699 6.
351 1670 394 1707 Cf
426 1670 608 1710 Lamprid.
640 1671 703 1701 uit.
739 1671 916 1701 Commod.
940 1680 991 1711 2.7
1012 1681 1128 1712 neque
1148 1682 1325 1712 umquam
1345 1672 1507 1713 pepercit
1525 1673 1583 1703 uel
1604 1682 1668 1713 pu-

179 1726 257 1758 dori
287 1728 344 1758 uel
374 1729 549 1770 sumptui.

270 1786 301 1816 8.
348 1787 442 1818 Non.
465 1792 489 1828 p
512 1798 629 1830 433-15
650 1789 705 1819 M.
731 1788 922 1820 ’iuuentus'
945 1793 975 1820 et
999 1789 1168 1821 'liment-'a'
1187 1794 1216 1820 et
1247 1790 1479 1822 'mammillas'
1497 1791 1669 1830 disserunt

173 1845 246 1877 hoc.
271 1863 318 1868 —-
337 1863 384 1868 -——
423 1847 516 1877 idem
539 1848 577 1878 in
601 1848 778 1878 Catilina:
801 1848 873 1879 scio
895 1847 1005 1879 fuisse
1028 1849 1221 1880 nonnullos
1243 1849 1305 1889 qui
1327 1849 1380 1880 ita
1402 1849 1668 1881 existumarent

174 1905 420 1944 iuuentutem,
452 1916 546 1946 quae
577 1906 726 1937 domuin
756 1907 933 1938 Catilinae
962 1907 1261 1948 frequentabant.

271 1974 324 1995 12.
367 1975 435 2006 sqq.
465 1966 510 2003 Cs
529 1965 623 1996 Flor.
647 1966 690 1996 II
712 1975 782 2008 12.1
806 1966 1001 1997 Catilinam
1022 1967 1166 1998 luxuria
1186 1967 1357 2008 primum,
1381 1971 1460 1998 tum
1480 1968 1564 1998 hinc
1585 1978 1666 1999 con-

174 2017 268 2054 flata
315 2027 458 2064 egestas
501 2024 552 2054 rei
580 2024 781 2063 familiaris,
812 2025 920 2056 simul
949 2026 1101 2065 occasio,
1133 2026 1233 2067 quod
1261 2027 1298 2057 in
1328 2026 1501 2057 extremis
1530 2027 1669 2058 finibus

174 2082 303 2113 mundi
335 2093 437 2114 arma
469 2085 637 2114 Romana
669 2084 1006 2125 peregrinabantur,
1040 2086 1077 2116 in
1108 2086 1248 2117 nefaria
1280 2086 1429 2117 consilia
1460 2086 1667 2128 opprimen-

175 2140 242 2172 dae
270 2142 412 2183 patriae
440 2152 526 2173 suae
555 2143 758 2183 conpulere.
787 2161 834 2166 -—
868 2144 979 2175 Valer.
1011 2145 1112 2177 ilIax.
1144 2146 1203 2175 IX
1234 2155 1288 2185 1.9
1308 2155 1437 2176 uerum
1472 2145 1666 2187 praecipue

174 2200 351 2231 Catilinae
377 2200 489 2232 libido
516 2202 677 2232 scelesta:
707 2212 792 2232 nam
818 2213 953 2234 uesano
981 2214 1102 2234 amore
1123 2204 1291 2235 Aureliae
1313 2204 1504 2235 Orestillae
1526 2214 1667 2247 correp-

175 2262 234 2290 tus
257 2269 341 2290 cum
363 2270 478 2290 unum
501 2260 807 2302 impedimentum
828 2261 981 2301 uideret,
1007 2273 1079 2304 quo
1103 2263 1224 2294 minus
1247 2263 1387 2304 nuptiis
1410 2263 1504 2294 inter
1527 2274 1563 2294 se
1587 2263 1666 2294 iun—

173 2322 354 2358 gerentur,
378 2318 497 2350 filium
519 2330 636 2358 suum,
661 2330 770 2361 quem
793 2325 829 2351 et
850 2322 969 2352 solum
991 2326 1027 2352 et
1050 2325 1171 2353 aetate
1193 2322 1267 2353 iam
1289 2322 1464 2363 puberem
1490 2322 1664 2362 habebat,

174 2386 313 2408 ueneno
337 2378 497 2417 sustulit,
524 2379 764 2420 protinusque
787 2390 831 2410 ex
853 2390 940 2420 rogo
964 2381 1040 2412 eius
1063 2381 1270 2412 maritalem
1293 2381 1411 2412 facem
1435 2381 1601 2412 accendit
1625 2391 1666 2412 ac

142 2442 145 2446 ·
173 2445 291 2466 nouae
313 2437 466 2468 maritae
488 2438 688 2469 orbitatem
709 2449 813 2469 suam
835 2440 912 2470 loco
935 2440 1095 2471 muneris
1116 2441 1293 2481 erogauit.

266 2550 284 2580 3
320 2543 446 2573 molles
480 2543 593 2574 etiam
613 2546 648 2574 et
680 2544 773 2575 fluxi
812 2544 857 2576 ΠΙ
882 2546 1018 2585 (aetate
1038 2556 1072 2576 ss
1094 2555 1149 2577 νηὶ)
1186 2547 1238 2585 Pl)
1277 2547 1403 2577 molles
1424 2549 1546 2578 aetate
1568 2549 1604 2577 et
1624 2546 1662 2577 fl.

170 2597 239 2630 ΣΗ
259 2600 384 2632 molles
405 2604 441 2632 ct
464 2605 585 2633 aetate
607 2602 644 2633 fl.
671 2603 800 2635 stme
828 2604 954 2644 (animi
976 2605 1022 2645 ss)
1157 2639 1164 2644 ‚
1247 2643 1250 2644 ⁷
1312 2616 1330 2645 5
1357 2605 1417 2636 alii
1443 2606 1471 2645 (s
1494 2606 1574 2646 add)
1623 2606 1663 2637 P1

385 2662 406 2691 6
428 2664 580 2702 sumptu
619 2661 643 2700 (i
675 2663 753 2702 add)
797 2669 824 2694 P
1042 2665 1061 2694 8
1085 2664 1321 2695 aestimarent
1346 2664 1410 2696 ΚΓ

169 2727 190 2755 9
219 2717 483 2759 frequentabat
518 2720 668 2751 ex-bant
703 2734 761 2753 me
975 2732 1016 2753 10
1041 2723 1141 2763 quod
1164 2728 1230 2764 exp
1259 2729 1289 2755 N
1312 2734 1389 2755 eras
1414 2736 1470 2754 me
1496 2734 1549 2754 om
1576 2722 1664 2755 Flsn

158 2798 177 2803 -
362 2787 401 2808 12
428 2778 546 2819 primo
572 2779 612 2810 Ρ1
638 2780 779 2820 pridem
804 2779 835 2810 Γ
1026 2781 1251 2812 nefandaque
1291 2788 1325 2813 K
1537 2786 1660 2823 strpra

171 2840 198 2866 P
326 2845 366 2875 13
396 2847 480 2867 cum
507 2841 633 2868 uestae
660 2838 849 2870 sacerdote
875 2850 956 2870 cum
983 2840 1122 2881 uirgine
1147 2841 1261 2871 nobili
1307 2841 1358 2872 Μ2
1388 2842 1490 2881 (sign.
1507 2841 1659 2882 transp.)

171 2893 267 2936 T[m]
503 2896 573 2927 alia
601 2896 650 2936 (et
672 2898 718 2937 ss)
742 2903 771 2929 N
796 2898 939 2940 aliaque
965 2904 991 2930 T
1202 2908 1240 2939 15
1268 2895 1410 2945 aurelffl
1438 2905 1449 2932 1

172 2955 213 2983 16
238 2953 337 2994 quod
362 2965 404 2985 ea
428 2953 637 2987 XM²Hnme
662 2956 725 2996 qui
758 2956 856 2997 quod
889 2967 931 2987 ea
965 2956 1020 2989 1'15
1266 2958 1417 2988 dubitat
1449 2970 1486 2989 m
