2028 3261
543 233 834 265 COerRATIO
870 235 1125 267 CATILINAE
1156 225 1200 272 [c.
1237 226 1392 273 35—36]
1632 236 1686 276 47

200 346 269 382 ret
297 341 354 381 ab
384 340 519 381 armis
548 341 773 381 discedere
802 346 979 394 praeter
1008 355 1156 381 rerum
1185 342 1448 394 capitalium
1478 343 1686 384 condem-

200 396 331 452 natis.
392 417 625 464 praeterea
653 411 865 460 decernit,
896 411 963 451 uti
993 412 1196 451 consules
1225 411 1441 452 dilectum
1471 414 1684 459 habeant,
1708 423 1732 462 3

199 482 426 522 Antonius
464 495 567 522 cum
604 481 804 522 exercitu
842 481 1083 522 Catilinam
1120 482 1326 533 persequi
1365 488 1577 529 maturet,
1619 482 1685 522 Ci-

199 565 299 592 cero
339 552 439 593 urbi
476 552 698 605 praesidio
735 551 805 591 sit.

151 633 176 674 5
290 622 358 670 Ea
397 627 669 675 tempestate
710 621 818 661 mihi
859 621 1098 673 imperium
1138 621 1292 673 populi
1322 623 1515 662 Romani
1543 623 1734 674 mult04

198 706 410 733 maxume
440 691 689 733 miserabile
718 691 866 732 uisum
894 696 973 731 est.
1003 690 1193 731 cuicum
1210 691 1267 731 ad
1284 705 1493 733 occasum
1510 693 1567 733 ab
1584 699 1687 734 ortu

198 763 301 804 solis
347 763 499 804 omnia
543 762 718 802 domita
763 761 898 802 armis
943 767 1165 814 parerent,
1214 762 1336 802 domi
1369 763 1514 804 otium
1548 769 1685 816 atque

198 833 397 882 diuitiae,
430 846 544 886 quae
572 832 719 885 prima
748 832 961 873 mortales
990 838 1171 885 putant,
1191 833 1459 881 adfluerent,
1479 834 1601 875 fuere
1618 840 1685 875 ta-

197 916 300 944 men
315 903 447 951 ciues,
467 903 542 956 qui
559 916 695 955 seque
710 916 892 955 remque
908 903 1137 956 publicam
1154 903 1396 956 opstinatis
1412 905 1572 945 animis
1589 919 1685 958 per-

126 983 180 1014 10
201 973 349 1014 ditum
388 974 517 1014 irent.
589 986 786 1026 namque
827 973 1004 1014 duobus
1044 974 1188 1014 senati
1229 974 1419 1015 decretis
1459 987 1513 1016 ex
1554 981 1685 1016 tanta
1708 987 1732 1028 5

196 1044 488 1085 multitudine
519 1058 665 1097 neque
694 1044 896 1097 praemio
925 1044 1139 1084 inductus
1169 1045 1528 1086 coniurationem
1559 1052 1685 1099 pate-

291 1172 319 1194 Ι.
372 1164 473 1194 Prob.
515 1164 572 1194 IV
611 1168 634 1205 p
663 1173 728 1203 149
756 1164 802 1194 K.
835 1163 991 1204 'praeter'
1019 1163 1199 1203 significat
1225 1167 1255 1194 et
1282 1164 1498 1203 aduerbiunz,
1527 1169 1563 1195 ut
1589 1166 1686 1205 apud

194 1222 425 1254 Sallustium:
478 1226 621 1263 praeter
649 1231 772 1253 rerum
803 1221 1017 1263 capitalium
1047 1221 1308 1253 condemnatis.
1339 1241 1385 1245 -—
1413 1224 1518 1254 Alrus.
1557 1224 1631 1254 VII
1661 1228 1684 1265 p

193 1290 259 1320 499
279 1282 325 1313 K.
350 1281 496 1322 'praeter
516 1281 612 1320 z'llis',
636 1281 708 1313 Sal.
731 1282 856 1312 Catu..-
899 1284 1039 1311 ceterae
1059 1280 1287 1311 multitudini
1308 1281 1403 1312 diem
1422 1283 1555 1313 statuit
1583 1292 1683 1324 prae-

192 1343 247 1370 ter
287 1350 407 1371 rerum
448 1340 662 1381 capitalium
704 1339 965 1370 condemnatis.
1008 1358 1056 1361 ——
1095 1340 1235 1371 Cledorz.
1280 1340 1307 1370 V
1334 1345 1357 1381 p
1386 1341 1427 1380 76
1460 1342 1496 1372 Κ
1524 1342 1682 1382 'praeter'

192 1409 272 1429 uero
299 1400 384 1430 lecta
408 1402 456 1430 est
481 1402 511 1429 et
535 1399 691 1430 ablatiuo
718 1400 851 1437 iuncta,
878 1402 915 1429 ut
937 1399 1150 1429 Sallustius:
1165 1401 1311 1439 praeter
1330 1404 1451 1429 rer'um
1467 1399 1683 1441 capitalium

192 1456 461 1489 condemnatis.
515 1459 589 1489 Ibcl.
621 1462 644 1499 p
676 1459 718 1498 78
746 1459 851 1489 etiam
884 1457 1040 1499 'praeter'
1071 1459 1211 1498 antiqui
1239 1459 1419 1499 utriusque
1440 1470 1541 1490 casus
1562 1461 1683 1500 appel-

189 1517 307 1548 labant
338 1518 643 1558 praepositionem.
666 1518 746 1548 inde
769 1517 960 1548 Sallustius
987 1519 1144 1557 :praeter
1162 1520 1190 1547 et
1206 1527 1234 1557 q.
1253 1527 1280 1547 s.
1308 1536 1354 1539 —
1380 1519 1505 1559 Pomp.
1531 1519 1559 1549 V
1574 1523 1597 1559 p
1615 1519 1684 1558 278

191 1575 238 1607 K.
260 1576 352 1616 quod
375 1575 466 1606 dixit
494 1576 598 1607 etiarn
623 1576 816 1607 Sallustius
834 1575 979 1617 ’praeter
993 1576 1263 1610 coudewmatis',·
1278 1577 1338 1607 iste
1350 1579 1442 1608 enim
1458 1579 1566 1608 dixit:
1582 1587 1682 1618 prae-

192 1637 246 1665 ter
287 1644 408 1665 rerum
442 1634 656 1675 capitalium
679 1634 940 1666 condemnatis.
964 1653 1011 1656 —
1032 1635 1145 1665 Prisc.
1180 1635 1247 1665 III
1271 1639 1294 1676 p
1322 1637 1387 1667 133
1415 1637 1458 1667 K.
1488 1637 1681 1668 Sallustius

190 1693 230 1724 iri
269 1694 504 1725 Catilinario:
542 1696 685 1734 praeter
709 1703 829 1724 rerum
854 1693 1067 1734 capitalium
1101 1694 1354 1725 condemnatis
1376 1699 1438 1735 pro
1463 1695 1681 1727 'condemna-

190 1752 265 1783 tos'.
308 1753 391 1783 .Ibd.
416 1756 439 1793 p
463 1761 530 1791 343
551 1756 581 1784 et
608 1753 705 1793 apud
726 1763 788 1783 nos
813 1752 968 1793 ’praeter'
992 1754 1194 1784 accusatiuo
1219 1754 1446 1794 coniungitur
1471 1758 1500 1785 et
1526 1755 1681 1786 ablatiuo

189 1815 317 1850 tamen,
345 1812 485 1851 quaudo
511 1815 574 1852 pro
603 1811 701 1842 'sine’
728 1812 913 1852 accipitur,
943 1816 978 1842 ut
1006 1812 1198 1842 Sallustius
1229 1813 1264 1842 in
1291 1813 1681 1854 Catiliuario:praeter

189 1874 220 1901 et
242 1880 272 1910 q.
299 1881 324 1901 s.
351 1874 413 1911 pro
439 1870 525 1901 'sine
549 1870 810 1902 condemnatis'.
862 1871 936 1901 [bd.
963 1874 986 1911 ρ
1011 1879 1078 1909 354
1103 1871 1192 1901 item.

284 1938 314 1967 5.
362 1930 473 1961 Prisc.
511 1929 577 1959 III
598 1934 621 1970 p
643 1931 710 1969 348
732 1931 777 1960 K.
800 1931 910 1960 nostri
944 1930 990 1960 acl
1009 1930 1203 1960 ablatiuum
1228 1929 1345 1961 'multo
1367 1931 1490 1971 magis'
1511 1935 1540 1961 et
1564 1931 1680 1963 'multo

189 1988 353 2019 maxime'
386 2007 433 2010 —
462 2007 519 2019 —.
579 1988 771 2020 Sallustius
805 1990 843 2019 iu
878 1989 1110 2020 Catilinario:
1167 1999 1207 2019 ea
1241 1991 1461 2030 tempestate
1494 1990 1583 2020 mihi
1616 1991 1682 2021 ime

189 2047 329 2088 perium
352 2048 478 2088 populi
502 2048 658 2078 Romani
682 2049 798 2078 multo
822 2047 980 2078 maxime
1003 2047 1206 2078 miserabile
1230 2048 1349 2078 uisum
1372 2051 1436 2079 est.

282 2106 313 2137 8.
362 2107 407 2144 Cf
431 2107 532 2146 Sulp.
561 2106 641 2137 Seu.
670 2107 756 2137 dial.
784 2107 803 2137 I
829 2117 880 2147 55
905 2116 999 2147 quae
1023 2106 1139 2147 prima
1164 2107 1336 2137 mortales
1359 2111 1493 2148 putant
1518 2118 1604 2138 esse.

284 2174 335 2196 10.
386 2166 523 2196 Charis.
551 2166 571 2195 I
594 2170 617 2206 p
644 2175 685 2195 22
711 2167 756 2196 Κ.
782 2176 992 2206 quamquam
1020 2169 1146 2195 ueteres
1171 2167 1289 2196 omnia
1313 2170 1453 2206 quartae
1478 2168 1678 2198 declinatio-

187 2225 244 2254 nis
268 2228 304 2255 ut
327 2225 497 2255 secundae
520 2225 726 2263 extulerunt,
751 2226 840 2255 sicut
864 2226 1075 2255 Sallustius:
1098 2234 1184 2254 nam
1206 2224 1350 2255 duobus
1372 2225 1489 2256 senati
1512 2226 1675 2257 decretis.

188 2283 264 2314 Ibd.
291 2287 314 2324 p
334 2291 399 2322 539
418 2284 510 2314 item.
530 2301 577 2304 —
595 2283 639 2321 Cf
656 2284 797 2324 Fragm.
818 2285 900 2314 ΒΘΖ).
928 2284 955 2314 V
973 2288 996 2323 j>
1016 2292 1082 2322 555
1100 2284 1146 2314 Κ.
1170 2293 1249 2313 nam
1269 2283 1417 2323 legimus
1436 2285 1534 2324 apud
1552 2285 1677 2315 Lucre-

186 2341 276 2372 tium
320 2345 349 2372 et
398 2342 589 2382 Vergilium
623 2342 740 2372 ’terrai
769 2342 967 2381 frugifera?
997 2361 1044 2364 —
1070 2361 1126 2381 ——,
1159 2343 1257 2383 apud
1286 2343 1496 2373 Sallustium
1527 2354 1678 2384 quoque:

186 2401 330 2431 duobus
357 2401 474 2431 senati
503 2401 677 2431 consultis
705 2406 767 2442 pro
799 2402 973 2432 'senatus'.

799 2557 815 2571 Π
1314 2557 1330 2573 0

282 2585 296 2606 1
327 2575 525 2607 discederet
549 2589 571 2607 n
595 2580 737 2618 praeter
758 2572 827 2621 illis
848 2577 969 2609 'rerum
989 2590 1066 2621 cap.
1090 2580 1346 2623 condemnans
1373 2585 1401 2610 N
1422 2580 1674 2611 condemnatis

185 2637 300 2666 ex-tos
322 2635 358 2666 P¹
586 2646 603 2666 2
628 2636 810 2667 delectum
837 2633 879 2667 52'
1071 2639 1233 2669 habeant
1254 2639 1436 2669 delectum
1463 2639 1501 2668 1²2

187 2703 205 2732 3
235 2696 396 2724 mutaret
418 2699 443 2724 P
646 2698 682 2725 et
701 2695 814 2726 cicero
836 2697 918 2727 P2P⁴
1110 2710 1128 2737 4
1152 2696 1329 2739 praesidio
1351 2696 1431 2726 urbi
1452 2708 1474 2726 n

187 2762 204 2792 7
227 2756 397 2793 parerent
424 2763 465 2783 ex
491 2756 660 2793 paterent
687 2766 742 2785 me
769 2752 926 2801 domim}
961 2756 1006 2795 (ἃ
1035 2766 1067 2796 q;
1098 2758 1184 2795 eras)
1219 2762 1244 2787 P
1436 2755 1454 2784 S
1479 2755 1667 2786 affluerent

186 2821 301 2842 ex-ere
343 2812 381 2842 Pl
577 2821 617 2842 10
639 2812 782 2843 duobus
802 2824 842 2844 ex
862 2814 934 2844 duo
959 2815 997 2845 P1
1197 2814 1314 2845 senati
1336 2813 1435 2845 Hxle
