2028 3261
599 208 890 241 CONIVRATIO
918 209 1172 244 CATILrNAE
1201 200 1246 247 [c.
1282 199 1342 246 52]
1655 194 1709 247 69

213 319 369 355 tamen
399 328 469 355 res
500 315 682 368 publica
712 316 845 356 firma
875 322 985 363 erat,
1019 315 1252 368 opulentia
1282 312 1611 365 neglegentiam
1642 318 1708 352 to·
1728 303 1737 309 ⁸

212 384 399 426 lerabat.
463 399 583 426 nunc
614 400 721 426 uero
751 401 842 427 non
872 387 919 426 id
950 386 1110 438 agitur,
1144 385 1331 426 bonisne
1363 396 1421 422 an
1451 382 1580 422 malis
1612 397 1704 423 mo-
1729 393 1783 422 10

210 455 334 497 ribus
359 456 584 504 uiuamus,
612 471 757 509 neque
783 462 1009 509 quantum
1035 461 1116 495 aut
1142 468 1280 507 quarn
1306 452 1601 505 magnificum
1625 451 1706 492 im-

210 526 386 579 perium
420 527 575 580 populi
612 527 806 567 Romani
841 527 912 573 sit,
950 525 1029 566 sed
1062 526 1186 572 haec,
1223 523 1548 574 cuiuscumque
1584 523 1706 562 modi

165 608 188 649 5
211 597 436 645 uidentur,
476 603 632 638 nostra
669 610 727 636 an
763 596 1000 637 nobiscum
1037 608 1128 636 una
1165 594 1368 635 hostium
1407 593 1563 633 futura
1601 593 1703 633 sint.

210 667 282 707 hic
315 667 423 707 mihi
458 668 699 719 quisquam
732 650 1131 707 mansuetudinem
1163 671 1210 705 et
1242 663 1595 704 misericordiam
1628 676 1704 703 no·
1729 675 1778 703 11

211 738 369 777 minat.
428 737 519 777 iam
568 737 743 790 pridem
795 736 1006 789 equidem
1056 750 1138 777 nos
1177 749 1285 776 uera
1312 734 1535 775 uocabula
1563 747 1711 775 rerum

211 808 456 848 amisimus:
525 807 631 859 quia
665 808 787 848 bona
822 807 968 847 aliena
1002 807 1151 859 largiri
1187 805 1448 853 liberalitas,
1488 805 1712 846 malarum

208 892 358 918 rerum
381 877 572 918 audacia
593 877 818 918 fortitudo
840 884 1045 925 uocatur,
1070 892 1122 918 eo
1143 891 1212 918 res
1233 876 1416 930 publica
1438 876 1486 916 in
1507 880 1712 916 extremo

140 961 193 991 10
214 948 302 990 sita
325 953 405 989 est.
461 948 553 989 sint
576 962 696 995 sane,
725 949 941 1001 quoniam
963 948 1029 988 ita
1052 962 1097 988 se
1121 961 1267 989 mores
1291 947 1475 994 habent,
1502 946 1706 987 liberales
1730 958 1781 987 12

213 1033 269 1059 ex
300 1019 525 1060 sociorum
556 1018 765 1067 fortunis,
801 1020 892 1060 sint
924 1018 1231 1060 misericordes
1263 1018 1309 1058 in
1341 1017 1516 1058 furibus
1550 1017 1708 1059 aerari:

207 1103 263 1129 ne
289 1089 353 1129 illi
381 1089 648 1142 sanguinem
675 1095 885 1131 nostrum
912 1089 1176 1142 largiantur,
1207 1094 1253 1129 et
1293 1088 1403 1129 dum
1431 1087 1590 1141 paucis
1619 1101 1710 1128 sce-

207 1160 360 1201 leratis
401 1166 599 1213 parcunt
641 1160 788 1201 bonos
831 1160 976 1202 omnis
1020 1160 1249 1213 perditum
1293 1164 1414 1199 eant.

301 1233 422 1272 Bene
455 1236 501 1272 et
533 1230 766 1284 conposite
799 1231 843 1272 C.
879 1231 1041 1272 Caesar
1073 1231 1209 1284 paulo
1243 1234 1349 1270 ante
1380 1229 1427 1269 in
1448 1229 1532 1269 hoc
1553 1228 1707 1269 ordine
1731 1240 1782 1280 13

141 1313 190 1355 15
215 1301 270 1341 de
293 1301 391 1342 uita
413 1307 459 1341 et
483 1307 628 1342 morte
652 1302 876 1350 disseruit,
903 1302 1036 1342 credo
1060 1301 1174 1342 falsa
1197 1300 1480 1341 existumans
1503 1313 1568 1347 ea,
1596 1313 1712 1351 quae

215 1372 269 1412 de
296 1371 450 1412 inferis
478 1378 802 1413 memorantur:
835 1372 1016 1413 diuorso
1043 1371 1203 1412 itinere
1232 1371 1374 1411 malos
1403 1384 1429 1410 a
1456 1370 1587 1411 bonis
1614 1370 1712 1410 loca

202 1447 374 1490 taetra,
411 1442 596 1491 inculta,
634 1443 768 1483 foeda
804 1448 943 1496 atque
978 1442 1271 1483 formidolosa
1306 1442 1484 1482 habere.
1551 1440 1708 1492 itaque
1731 1452 1784 1493 14

214 1512 390 1554 censuit
421 1513 637 1567 pecunias
669 1527 824 1554 eorum
856 1513 1169 1567 publicandas,
1203 1513 1324 1566 ipsos
1355 1526 1434 1566 per
1466 1511 1713 1564 municipia

212 1583 259 1624 in
285 1583 503 1625 custodiis
528 1584 775 1631 habendos,
803 1584 1015 1624 uidelicet
1039 1583 1219 1631 timens,
1246 1597 1316 1631 ne,
1344 1582 1379 1623 si
1407 1585 1580 1623 Romae
1605 1582 1709 1630 sint,

142 1666 197 1696 20
219 1660 299 1695 aut
324 1668 349 1694 a
373 1654 669 1708 popularibus
694 1654 1017 1696 coniurationis
1043 1660 1124 1695 aut
1149 1667 1174 1693 a
1199 1653 1493 1694 multitudine
1519 1652 1711 1693 conduc·

213 1730 263 1765 ta
301 1739 380 1778 per
420 1725 515 1766 uim
554 1725 816 1779 eripiantur.
890 1725 1017 1778 quasi
1059 1739 1166 1766 uero
1207 1724 1312 1765 mali
1355 1729 1493 1776 atque
1534 1723 1708 1764 scelesti
1731 1733 1783 1775 15

312 1853 364 1875 11.
418 1845 525 1875 Ανιις.
563 1845 637 1875 VII
664 1849 687 1885 p
716 1845 783 1884 486
812 1845 857 1876 K.
890 1844 938 1875 'in
969 1846 1026 1875 illo
1056 1845 1251 1875 ›assem-ors
1279 1844 1351 1881 ess,
1382 1844 1454 1875 Sal.
1486 1843 1612 1874 CattA:
1640 1841 1713 1872 sint

215 1902 465 1933 misericordes
486 1903 523 1933 in
544 1903 688 1934 furibus
709 1903 849 1934 aerarii.

313 1971 364 2001 15.
414 1963 508 1993 Non.
534 1967 558 2004 p
582 1972 702 2003 317.38
726 1963 779 1993 Μ.
808 1962 951 1994 'habere'
977 1973 1097 1993 rursus
1121 1963 1286 1993 habitare<
1338 1962 1530 1992 Sallustius
1555 1962 1591 1991 in
1617 1961 1712 1991 Catt-

216 2022 311 2052 linae
341 2021 459 2052 Bello:
513 2021 630 2059 credO,
662 2021 754 2052 falsa
784 2021 998 2052 existimans
1029 2032 1070 2052 ea
1100 2031 1193 2062 quae
1223 2020 1267 2051 de
1297 2020 1419 2051 inferis
1449 2023 1710 2050 memorantur:

217 2079 360 2111 diuerso
384 2079 512 2110 itinere
535 2081 650 2111 malos
673 2090 693 2110 a
715 2080 820 2111 bonis
842 2081 921 2111 loca
944 2084 1074 2119 taetra,
1099 2080 1249 2117 inculta,
1274 2079 1381 2110 foeda
1404 2083 1515 2120 atque
1538 2077 1712 2109 formidu-

215 2139 291 2170 losa
320 2139 468 2169 habere.

312 2266 325 2287 1
363 2260 470 2301 erant
505 2269 519 2288 s
815 2266 833 2286 2
869 2256 1046 2297 bonisque
1084 2261 1118 2287 K
1439 2268 1458 2295 4
1494 2255 1593 2286 modi
1627 2260 1713 2285 sunt

215 2315 388 2346 uidentur
424 2328 460 2347 m
496 2315 669 2347 uidentur
705 2325 760 2346 om
795 2316 846 2347 Μ2
878 2317 915 2346 z'n
951 2326 1003 2355 mg
1042 2321 1067 2346 T
1295 2325 1313 2353 5
1334 2314 1494 2345 hostiam
1531 2314 1571 2345 Pl

215 2374 341 2405 futura
371 2378 456 2405 sunt
486 2387 510 2406 11
803 2385 820 2413 7
853 2375 1034 2404 uocabula
1064 2385 1118 2405 ex·
1151 2375 1227 2405 lum
1259 2379 1285 2405 P
1477 2382 1561 2403 uera
1592 2382 1713 2404 rerum

216 2433 397 2464 uocabula
432 2433 579 2465 31²Tnm
827 2434 845 2463 S
884 2433 1032 2464 libertas
1070 2433 1283 2473 (liberalitas
1318 2439 1362 2466 ss)
1406 2437 1439 2463 Κ
1691 2441 1711 2468 O

217 2495 371 2523 uocatur
399 2502 453 2522 om
481 2492 572 2524 31231
600 2503 633 2523 ss
664 2498 757 2524 TDF
1005 2502 1045 2522 10
1074 2491 1193 2533 posita
1221 2496 1276 2522 est
1308 2497 1333 2522 P
1550 2491 1713 2521 habeant

216 2551 287 2583 Μ2ε
491 2560 529 2581 12
549 2561 592 2582 ne
611 2550 681 2582 illis
701 2550 822 2583 1³³1·1se
1030 2551 1231 2591 largiantur
1248 2562 1303 2581 ex-
1323 2554 1429 2580 entur
1450 2555 1477 2580 B

217 2608 378 2640 scelestis
400 2609 491 2651 v[P]
749 2619 788 2649 15
811 2610 903 2640 falso
928 2621 945 2648 γ
968 2615 1001 2649 (a
1023 2620 1055 2640 ss
1080 2615 1122 2644 D)
1421 2618 1513 2648 quae
1536 2608 1659 2638 inferis
1685 2613 1713 2639 X

408 2671 450 2698 16
473 2672 568 2699 tetra
590 2668 668 2698 loca
708 2680 743 2700 m
937 2678 976 2707 17
1000 2668 1125 2708 itaque
1147 2669 1236 2698 haec
1258 2678 1344 2698 uera
1366 2677 1441 2697 esse
1463 2676 1536 2696 non
1559 2666 1714 2696 credidit

221 2727 334 2767 (quod
358 2730 403 2765 ss)
434 2726 576 2758 censuit
602 2732 629 2758 B
890 2736 930 2763 19
957 2736 1000 2756 ne
1027 2727 1055 2757 si
1081 2728 1218 2756 Romae
1245 2727 1317 2757 sint
1343 2735 1396 2755 om
1427 2731 1495 2756 Nm
1523 2725 1565 2765 (si
1590 2735 1712 2754 romae

218 2786 292 2818 sint
311 2796 344 2816 ss
365 2787 410 2817 al.
434 2787 479 2824 m)
505 2798 521 2818 e
750 2785 796 2816 sit
816 2795 938 2816 romae
959 2785 1032 2816 sint
1054 2790 1080 2816 Ρ
1101 2785 1173 2816 sint
1194 2795 1315 2815 romae
1338 2784 1378 2816 Ρ4
1586 2789 1628 2813 ut
1649 2786 1714 2814 aut

223 2846 365 2876 Nls-'me
560 2854 602 2875 20
633 2848 698 2875 aut
727 2844 966 2885 popularibus
993 2844 1074 2875 31²F
1267 2853 1286 2873 a
1313 2844 1366 2874 del
1395 2855 1430 2874 m
