2028 3261
295 201 349 242 82
781 211 818 240 c.
862 211 1081 243 SALLVSTI
1123 210 1271 242 cmspi

298 325 372 359 tus
401 324 553 358 uestra
584 332 654 358 me
684 318 944 365 hortantur,
977 323 1212 369 praeterea
1241 317 1538 366 necessitudo,
1572 333 1686 371 quae
1715 321 1794 361 eti—

224 400 280 430 20
303 403 375 429 am
409 388 592 429 timidos
624 388 754 428 fortis
786 388 909 428 facit.
976 401 1082 427 nam
1116 388 1364 428 multitudo
1396 388 1596 429 hostium
1628 402 1683 429 ne
1715 390 1794 430 cir-

226 471 277 500 21
302 460 560 500 cuniuenire
596 464 747 511 queat,
784 458 1029 511 prohibent
1064 458 1299 510 angustiae
1334 459 1431 499 loci.
1483 459 1604 511 quod
1639 459 1675 499 si
1709 460 1795 500 uir-

298 531 387 571 tuti
416 536 592 571 uestrae
620 530 806 570 fortuna
832 529 1062 577 inuiderit,
1092 534 1251 569 cauete
1277 529 1409 569 inulti
1438 529 1638 569 animam
1665 530 1796 570 amit·

298 601 420 648 tatis,
449 615 536 641 neu
562 600 683 653 capti
710 599 864 653 potius
889 600 1021 640 sicuti
1049 613 1211 652 pecora
1237 599 1542 647 trucidemini,
1570 613 1707 652 quam
1734 600 1798 641 ui·
1820 610 1842 650 5

296 685 449 712 rorum
505 685 627 711 more
682 675 941 723 pugnantes
1007 676 1242 710 cruentam
1320 675 1459 722 atque
1538 671 1795 711 luctuosam

297 740 536 782 uictoriam
572 741 780 781 hostibus
819 740 1114 792 relinquatis'.

221 821 276 858 59
393 808 519 851 Haec
550 810 628 851 ubi
661 809 790 857 dixit,
825 810 1062 862 paululum
1089 816 1382 851 conmoratus
1403 811 1530 863 signa
1551 824 1709 851 canere
1729 811 1794 852 iu-

297 882 389 930 bet,
429 886 567 934 atque
602 881 850 921 instructos
886 880 1064 920 ordines
1098 880 1145 920 in
1180 881 1329 921 locum
1365 895 1559 933 aequom
1594 882 1791 922 deducit.

297 952 400 993 dein
430 951 616 992 remotis
647 951 851 992 omnium
883 950 1023 1003 equis,
1058 964 1148 1003 quo
1180 950 1400 992 militibus
1431 957 1686 1004 exaequato
1717 966 1791 1006 pe·
1815 963 1866 993 10

296 1023 436 1064 riculo
479 1022 656 1062 animus
698 1021 890 1074 amplior
932 1026 1062 1069 esset,
1106 1021 1202 1074 ipse
1242 1021 1380 1074 pedes
1421 1022 1671 1063 exercitum
1712 1037 1793 1076 pro

251 1094 395 1134 210co
429 1098 567 1145 atque
602 1092 741 1146 copiis
775 1092 973 1132 instruit.
1040 1105 1162 1139 nam,
1199 1091 1266 1131 uti
1301 1091 1512 1144 planities
1546 1098 1645 1132 erat
1677 1093 1794 1134 inter

297 1164 500 1205 sinistros
521 1163 689 1204 montis
709 1167 755 1203 et
770 1163 828 1202 ab
856 1162 1045 1203 dextera
1070 1176 1180 1215 rupe
1208 1176 1378 1215 aspera,
1408 1167 1511 1203 octo
1538 1163 1735 1204 cohortis
1748 1163 1795 1204 in

296 1234 446 1275 fronte
474 1233 727 1281 constituit,
757 1233 1034 1285 reliquarum
1062 1233 1189 1285 signa
1216 1233 1263 1273 in
1290 1233 1492 1274 subsidio
1521 1233 1664 1274 artius
1690 1247 1793 1275 con-

249 1317 275 1356 3
296 1305 428 1345 locat.
494 1305 551 1345 ab
583 1304 636 1345 iis
668 1303 953 1345 centuriones
985 1303 1144 1351 onmis,
1180 1304 1320 1344 lectos
1347 1308 1394 1344 et
1414 1308 1642 1352 euocatos,
1667 1318 1793 1357 prae-
1816 1314 1864 1354 15

297 1381 419 1416 terea
439 1389 494 1415 ex
514 1375 726 1427 gregariis
746 1374 967 1415 militibus
988 1380 1230 1427 optumum
1252 1388 1477 1427 quemque
1498 1379 1728 1415 armatum
1747 1376 1794 1416 in

295 1446 491 1500 primam
527 1446 669 1486 aciem
703 1445 930 1486 subducit.
998 1445 1042 1486 C.
1080 1445 1302 1485 Manlium
1335 1445 1382 1485 in
1416 1445 1592 1492 dextra,
1628 1445 1793 1487 Faesu-

295 1518 451 1557 lanum
481 1517 710 1569 quendam
738 1516 785 1555 in
814 1515 995 1556 sinistra
1023 1521 1153 1569 parte
1182 1529 1337 1556 curare
1366 1515 1506 1556 iubet.
1567 1515 1662 1568 ipse
1690 1530 1793 1557 cum

294 1587 468 1628 libertis
505 1592 551 1627 et
590 1587 759 1627 colonis
798 1591 983 1639 propter
1023 1586 1224 1638 aquilam
1263 1586 1457 1634 adsistit,
1500 1599 1638 1638 quam
1676 1587 1794 1629 bello

390 1716 418 1737 1.
469 1708 562 1737 Non.
601 1710 624 1746 p
662 1714 778 1746 3535„
804 1707 857 1736 M.
888 1705 1124 1736 'necessitudo'
1150 1707 1347 1736 necessitas.
1390 1706 1582 1736 Sallustius
1606 1707 1644 1737 in
1671 1707 1793 1737 Catili-

291 1776 358 1798 na:
382 1768 570 1807 praeterea
593 1764 835 1802 necessitudo,
860 1774 954 1804 quae
977 1764 1089 1794 etiam
1113 1763 1264 1794 timidos
1287 1763 1391 1794 fortis
1414 1765 1513 1795 facit.

392 1835 404 1855 1
417 1835 444 1863 5.
485 1826 584 1855 Seru.
601 1825 646 1855 ad
658 1825 748 1854 Aen.
768 1824 808 1853 II
825 1832 890 1864 157
909 1824 1056 1855 'saciata
1070 1825 1238 1854 resoluere
1254 1823 1344 1854 iura'
1359 1841 1529 1854 ——-.
1545 1826 1630 1864 quia
1643 1825 1792 1856 militiae

292 1886 363 1916 tria
397 1888 479 1914 sunt
513 1894 649 1924 genera.
690 1884 894 1923 plerumque
929 1884 1023 1913 enim
1059 1884 1195 1913 euocati
1229 1884 1405 1919 dicuntur,
1442 1886 1471 1913 el
1504 1893 1574 1914 non
1595 1887 1676 1914 sunt
1698 1885 1792 1914 mili-

292 1948 352 1981 tes,
377 1943 435 1974 sed
457 1947 519 1983 pro
542 1944 664 1973 milite.
690 1943 781 1972 unde
805 1943 1017 1973 Sallustius:
1040 1951 1110 1971 neu
1133 1942 1213 1982 quis
1236 1942 1338 1972 miles
1361 1952 1451 1972 neue
1475 1952 1538 1983 pro
1562 1943 1686 1973 milite.
1711 1944 1793 1974 item

293 2004 389 2043 ipse:
417 2002 461 2032 ab
488 2001 543 2032 his
569 2011 695 2031 omnes
722 2003 895 2031 euocatos
921 2004 957 2030 et
985 2001 1224 2031 centuriones.

392 2064 443 2091 10.
499 2061 640 2101 Agroec.
678 2060 752 2089 I'II
781 2064 804 2100 p
835 2069 900 2090 120
929 2060 975 2090 K.
1009 2060 1258 2090 'subducimus'
1287 2065 1317 2091 et
1339 2071 1425 2101 quae
1447 2064 1532 2091 retro
1555 2061 1791 2093 subtrahimus

291 2125 323 2152 et
355 2131 442 2161 quae
476 2121 513 2150 in
548 2123 713 2160 promptu
747 2120 940 2158 offerimus.
989 2120 1182 2150 Sallustius
1215 2120 1312 2150 Bello
1346 2120 1578 2151 Catilinario:
1610 2120 1791 2161 optimum

294 2189 477 2220 quemque
500 2178 536 2208 in
560 2179 716 2220 primam
741 2178 855 2208 aciem
879 2178 1066 2208 subduxit.

391 2296 403 2316 1
430 2296 523 2325 quae
545 2285 658 2315 etiam
678 2303 725 2306 ἡ
746 2284 948 2315 multitudo
972 2286 1010 2315 in
1034 2294 1089 2324 mg
1133 2284 1170 2315 P*
1457 2293 1474 2314 2
1500 2284 1663 2314 hostium
1688 2295 1742 2314 om
1768 2297 1791 2316 n

483 2343 739 2374 circumueniri
764 2345 799 2374 ιη’
993 2356 1011 2383 4
1036 2343 1169 2373 uirtuti
1192 2354 1233 2374 ex
1258 2347 1309 2373 -te
1337 2349 1366 2375 V
1580 2347 1725 2374 nostrae
1756 2356 1791 2375 m

554 2406 680 2433 cauete
697 2402 804 2433 inulti
821 2402 849 2432 A*
869 2404 926 2443 (ne
942 2413 975 2433 ss
1010 2403 1060 2442 1²⁴)
1088 2408 1265 2434 NHDlmo
1281 2406 1407 2432 cauete
1430 2412 1473 2432 ne
1498 2402 1605 2433 inulti
1632 2403 1705 2434 VP¹
1734 2405 1790 2443 (ne

291 2465 357 2503 del)
393 2462 502 2494 Rl'sn
751 2472 768 2501 5
795 2461 859 2502 qui
883 2462 1045 2492 uirorum
1072 2474 1094 2492 n
1303 2462 1322 2490 8
1353 2464 1558 2492 commotus
1591 2463 1643 2501 (ra
1676 2460 1723 2498 ss)
1758 2467 1791 2493 Κ

466 2531 507 2551 1ο
538 2521 669 2551 dehinc
703 2522 781 2551 P²nl
840 2520 969 2550 deinde
1002 2533 1024 2551 n
1216 2520 1388 2551 omnibus
1421 2526 1518 2552 TMF
1688 2521 1790 2561 equis

290 2581 457 2612 omnium
482 2593 503 2611 n
692 2590 730 2610 12
756 2580 791 2610 in
815 2584 877 2620 pro
901 2579 995 2609 inter
1020 2585 1028 2610 l
1258 2589 1296 2618 13
1330 2579 1374 2610 ad
1401 2580 1440 2610 Ρ2
1464 2575 1549 2626 ΗΗΒ
1572 2590 1592 2610 a
1616 2592 1637 2610 n
1662 2580 1707 2610 ab
1729 2581 1789 2611 rell

480 2635 636 2685 dextrall
662 2635 777 2685 rupe[}
806 2642 834 2678 (s
855 2640 944 2677 eras)
993 2645 1019 2669 Β
1204 2649 1242 2678 14
1265 2639 1488 2679 reliquorum
1533 2639 1790 2671 NKM²Tsnme

294 2723 435 2763 reliqua
462 2728 494 2754 Η
518 2701 742 2762 reliquarum
766 2727 776 2753 l
799 2722 1023 2762 reliquarum
1048 2723 1108 2752 rell
1337 2731 1375 2759 15
1400 2722 1511 2753 lectos
1533 2731 1566 2751 ss
1594 2722 1633 2753 Pl
1657 2721 1790 2752 electos

297 2783 369 2814 P⁴T
502 2782 542 2811 18
566 2781 601 2811 in
624 2785 702 2812 ante
727 2781 873 2812 sinistra
917 2791 970 2811 om
998 2793 1015 2812 c
1144 2790 1183 2815 10
1204 2780 1339 2811 colonis
1356 2776 1538 2821 [P²]F'sm
1643 2779 1790 2810 coloniis

293 2839 467 2883 [Plp'Kn
567 2840 753 2871 colonibus
786 2839 867 2872 ΠΝΙ
965 2839 1159 2870 calonibus
1212 2840 1366 2876 Dietsz‘h,
1423 2839 1567 2877 Jordan,
1621 2839 1704 2874 alii:
1759 2838 1790 2877 cf

291 2903 412 2930 tamen
442 2901 519 2933 284
663 2899 807 2929 adstitit
825 2910 865 2929 ex
884 2899 1027 2930 adsistit
1050 2905 1076 2931 P
