2028 3261
519 256 808 288 CONIVRArro
842 258 1096 292 cAT1L1NAE
1133 250 1178 299 [c.
1207 253 1361 301 17—19]
1623 264 1677 305 27

185 377 353 418 poenas
387 363 619 404 dederant.
686 370 791 417 post
823 366 960 418 paulo
995 366 1189 407 Catilina
1223 370 1517 420 pecuniarum
1554 384 1677 424 repe·
1699 382 1723 423 3

184 435 433 476 tundarum
468 447 568 475 reus
602 435 858 487 prohibitus
892 441 990 476 erat
1024 437 1313 477 consulatum
1348 445 1513 490 petere,
1554 443 1677 492 quod

182 505 303 546 intra
351 504 590 556 legitumos
656 505 749 545 dies
796 505 998 558 profiteri
1034 507 1315 558 nequiuerat.
1383 514 1481 549 erat
1516 511 1723 562 eodem4

184 581 387 628 tempore
424 576 500 616 Cn.
540 575 655 623 Piso,
694 575 954 615 adulescens
989 575 1164 624 nobilis,
1202 591 1406 618 summae
1443 580 1672 629 audaciae,

134 654 157 696 5
181 660 326 698 egens,
368 645 597 693 factiosus,
640 658 775 697 quem
814 645 871 685 ad
910 646 1271 698 perturbandam
1310 662 1404 689 rem
1443 650 1675 702 publicam

180 716 333 770 inopia
366 721 503 768 atque
535 715 640 755 mali
672 728 817 755 mores
848 716 1162 757 stimulabant.
1228 732 1332 758 cum
1364 719 1448 760 hoc
1480 720 1675 763 Catilina
1695 731 1718 774 5

180 793 226 828 et
258 786 507 828 Autronius
540 785 714 825 circiter
747 799 891 826 nonas
926 788 1187 828 Decembris
1213 789 1398 831 consilio
1424 793 1673 834 communi-

179 864 282 898 cato
315 856 542 910 parabant
573 856 619 896 in
653 856 876 909 Capitolio
909 858 1113 899 kalendis
1147 860 1371 901 Ianuariis
1404 863 1451 905 L.
1490 862 1674 904 Cottam

178 933 224 968 et
248 930 296 971 L.
325 926 611 979 Torquatum
636 928 840 968 consules
864 928 1133 976 interficere,
1161 929 1246 983 ipsi
1272 930 1470 972 fascibus
1496 947 1671 987 correp-

108 1008 160 1036 10
181 999 239 1039 tis
274 998 482 1039 Pisonem
515 1011 619 1037 cum
652 998 851 1038 exercitu
886 999 943 1039 ad
978 1000 1247 1052 optinendas
1281 1001 1394 1042 duas
1428 1003 1672 1056 Hispanias

180 1069 374 1109 mittere.
436 1082 489 1108 ea
516 1081 562 1108 re
591 1069 772 1121 cognita
801 1082 953 1110 rursus
982 1069 1027 1109 in
1056 1084 1199 1111 nonas
1228 1071 1496 1113 Februarias
1525 1075 1669 1115 consi·
1690 1073 1716 1114 6

175 1139 284 1179 lium
317 1139 465 1180 caedis
497 1140 838 1179 transtulerant.
902 1140 994 1180 iam
1027 1146 1127 1180 tum
1159 1155 1250 1182 non
1282 1143 1543 1185 consulibus
1576 1159 1668 1186 mo-
1690 1156 1715 1197 7

175 1210 246 1257 do,
287 1210 365 1250 sed
402 1210 625 1263 plerisque
663 1210 946 1251 senatoribus
985 1211 1229 1264 perniciem
1267 1213 1664 1256 machinabantur.

175 1280 296 1333 quod
334 1280 378 1320 ni
418 1280 611 1321 Catilina
636 1286 910 1321 maturasset
934 1295 1015 1335 pro
1040 1282 1163 1322 curia
1188 1283 1366 1335 signum
1391 1285 1520 1326 sociis
1546 1286 1665 1335 dare,
1689 1285 1714 1325 8

103 1360 153 1402 15
177 1365 230 1392 eo
264 1351 334 1401 die
368 1357 472 1404 post
505 1351 738 1392 conditam
772 1352 930 1392 urbem
966 1355 1162 1393 Romam
1196 1368 1458 1407 pessumum
1493 1355 1668 1398 facinus

171 1427 408 1475 patratum
431 1421 560 1465 foret.
617 1422 723 1474 quia
745 1423 949 1463 nondum
973 1423 1233 1475 frequentes
1257 1426 1421 1466 armati
1446 1440 1666 1469 conuene-

171 1497 288 1540 rant,
318 1506 370 1533 ea
397 1506 465 1532 res
492 1492 729 1533 consilium
757 1493 949 1534 diremit.
1009 1500 1169 1547 postea
1198 1495 1300 1536 Piso
1340 1496 1385 1536 in
1413 1496 1666 1540 citeriorem
1690 1508 1757 1546 19·Δ

171 1562 443 1616 Hispaniam
487 1568 699 1615 quaestor
741 1578 822 1617 pro
864 1570 1071 1618 praetore
1114 1566 1276 1607 missus
1318 1573 1387 1608 est
1429 1568 1665 1610 adnitente

172 1633 343 1681 Crasso,
382 1634 504 1686 quod
539 1648 643 1675 eum
676 1634 894 1676 infestum
928 1635 1162 1676 inimicum
1198 1637 1273 1678 Cn.
1314 1638 1529 1691 Pompeio
1564 1654 1663 1692 cog-

96 1714 151 1744 20
173 1709 376 1745 nouerat.
440 1718 585 1757 neque
617 1711 772 1746 tamen
802 1712 986 1747 senatus
1017 1707 1299 1760 prouinciam
1330 1708 1501 1750 inuitus
1532 1710 1663 1751 dede·
1690 1722 1714 1752 2

264 1832 315 1861 13.
365 1823 409 1860 Cf
432 1823 522 1853 Dz'ct.
549 1824 615 1854 III
640 1832 682 1854 21
706 1824 900 1865 perniciem
924 1824 1125 1855 machinati
1148 1830 1243 1856 sunt.

263 1891 314 1921 14.
365 1882 476 1912 Prisc.
503 1882 570 1912 III
591 1888 614 1923 p
640 1892 681 1922 49
707 1884 752 1913 Κ.
782 1883 853 1924 'pro
877 1886 1014 1925 templo,
1031 1888 1093 1924 pro
1109 1886 1219 1923 cursa,
1238 1890 1300 1925 pro
1317 1887 1449 1917 ocztlz's'.
1470 1887 1660 1919 Sallustius

163 1942 202 1971 in
234 1941 468 1972 Catilinczrio:
522 1941 659 1982 quodni
690 1946 910 1974 maturasset
942 1953 1006 1984 pro
1037 1943 1135 1974 curia
1166 1944 1309 1984 signum
1340 1946 1444 1976 sociis
1475 1946 1560 1976 dare
1584 1947 1659 1987 ’pro

162 2000 274 2030 curz'a'
317 2000 407 2030 dfxit
447 2005 509 2040 pro
553 2001 641 2031 'ante
663 2002 822 2032 cztrz‘am'.
859 2021 905 2025 ——
926 2004 1046 2033 r—llbz'n.
1078 2003 1151 2032 ΓΙ]
1172 2007 1195 2043 p
1218 2013 1284 2043 307
1308 2004 1353 2034 Κ.
1380 2004 1465 2044 'pro'
1490 2006 1526 2036 in
1551 2010 1658 2046 oppo-

162 2060 288 2089 sitione
308 2060 361 2089 uel
377 2060 625 2099 compositione
641 2061 761 2091 localis
777 2065 806 2092 et
821 2063 1023 2102 temporalis
1039 2066 1104 2092 est:
1120 2080 1166 2083 —
1179 2081 1226 2084 -—
1242 2072 1305 2103 pro
1323 2063 1420 2093 curia
1436 2063 1538 2104 signa
1554 2065 1659 2096 sociis

163 2117 260 2155 dare,
290 2119 328 2148 id
355 2122 402 2148 est
433 2119 521 2150 'ante
549 2119 710 2150 cztrz'am'.

260 2177 311 2207 18.
364 2178 408 2216 Cf
433 2178 525 2209 Dz'ct.
560 2179 587 2208 1⁷
614 2188 631 2217 9
659 2178 848 2209 adnitente
875 2183 986 2220 atque
1013 2180 1228 2211 administro
1255 2182 1451 2212 Antenore.

258 2304 271 2325 1
307 2295 486 2326 dederunt
519 2297 616 2335 (rant
647 2299 692 2333 ss)
729 2301 792 2326 Tm
817 2295 947 2327 dedere
978 2297 1027 2328 31²
1188 2335 1205 2349 Ο
1307 2298 1652 2339 peculiaru111(corr)

161 2353 449 2393 repetundarum
474 2351 525 2401 ΙΙΙΙ
551 2356 646 2394 (rum
664 2357 752 2393 eras)
779 2360 804 2385 P
999 2365 1016 2394 3
1045 2350 1228 2401 legitimas
1261 2362 1289 2388 N
1528 2359 1654 2399 nequi-

160 2415 265 2443 uerat
292 2413 403 2454 ΜἿΤ]
432 2414 611 2454 nequierit
638 2427 661 2445 n
689 2414 895 2454 nequiuerit
922 2416 983 2446 rell
1201 2428 1219 2455 ,Ι
1248 2415 1494 2447 nobilissimae
1546 2418 1655 2459 PM[1]

162 2471 251 2510 (corr
277 2481 333 2502 τηε
363 2477 439 2511 PM)
659 2484 676 2513 5
702 2469 926 2519 factifflosus
956 2474 1005 2514 (di
1028 2480 1116 2508 eras)
1146 2481 1172 2506 P
1366 2485 1383 2514 7
1409 2476 1581 2507 antonius
1626 2483 1654 2508 B

162 2530 262 2570 (corr)
497 2533 709 2564 decembras
754 2537 780 2563 P
803 2532 1006 2564 decembris
1030 2536 1085 2565 uel
1108 2527 1222 2566 dece'b
1245 2536 1306 2566 rell
1507 2535 1526 2565 8
1552 2535 1653 2566 ianu-

161 2588 226 2619 arii
251 2595 286 2621 H
308 2585 369 2621 iah
392 2593 548 2632 plerique
571 2593 656 2624 codd
910 2597 1052 2624 cottam
1088 2594 1127 2625 Pl
1150 2595 1249 2633 (corr)
1274 2598 1413 2625 tortam
1449 2595 1489 2626 Ρ2
1510 2598 1655 2626 coctam

162 2652 276 2680 Bnme
312 2652 435 2680 cotam
472 2655 505 2681 Κ
667 2661 687 2689 9
707 2650 868 2682 fascibus
891 2662 924 2682 ss
969 2658 997 2683 Β
1193 2663 1234 2683 10
1265 2654 1311 2684 ad
1333 2663 1367 2683 ss
1391 2662 1446 2684 ΜΖ
1472 2659 1498 2685 Ρ

162 2715 199 2737 11
226 2718 267 2738 ea
288 2717 325 2739 re
347 2718 380 2739 ss
404 2717 459 2738 wz2
504 2714 530 2740 P
721 2710 923 2741 febroarias
966 2711 1005 2742 Pl
1214 2722 1251 2742 12
1276 2715 1364 2743 tunc
1408 2718 1433 2743 P

162 2774 202 2805 14
226 2766 325 2807 quod
348 2767 496 2798 catilina
519 2767 586 2798 nisi
609 2771 830 2800 maturasset
872 2781 895 2800 n
1064 2771 1169 2801 sociis
1192 2781 1245 2801 om
1289 2783 1306 2801 e
1478 2781 1517 2810 15
1542 2770 1650 2812 pessi-

159 2833 258 2856 mam
283 2831 310 2858 P
457 2828 498 2857 16
523 2831 770 2859 conuenerant
792 2844 840 2850 —
862 2828 961 2869 quod
985 2839 1069 2861 eum
1091 2831 1131 2860 in
1157 2839 1211 2870 mg
1236 2838 1290 2860 ΜΖ
1318 2821 1363 2860 Ρι
1545 2839 1583 2866 19
1609 2840 1650 2860 eo

158 2884 259 2924 quod
298 2885 420 2916 12121'31
612 2895 654 2916 20
676 2886 816 2918 inuitus
837 2887 880 2917 de
902 2888 940 2918 in
957 2898 1013 2928 mg
1056 2893 1084 2919 N
