2028 3261
277 221 330 261 50
772 220 809 248 C.
852 218 1071 250 SALLVSTI
1111 218 1261 247 CRISPI

278 341 362 380 ope
398 326 632 366 nitebatur
669 326 882 378 pleraque
920 324 1134 364 nobilitas
1170 329 1356 363 senatus
1392 325 1536 376 specie
1572 339 1653 378 pro
1689 339 1771 366 sua

228 410 254 450 3
279 396 604 449 magnitudine.
664 409 877 448 namque,
907 394 973 435 uti
1002 394 1157 447 paucis
1182 406 1340 434 uerum
1378 394 1625 443 absoluam,
1665 401 1770 448 post

276 468 351 508 illa
391 473 597 520 tempora
637 466 910 518 quicumque
949 479 1042 504 rem
1080 464 1309 517 publicam
1349 464 1577 515 agitauere
1634 465 1767 507 hone-

277 539 358 579 stis
396 538 668 584 nominibus,
710 537 782 577 alii
822 536 952 577 sicuti
992 535 1145 588 populi
1184 535 1282 574 iura
1320 534 1626 583 defenderent,
1666 549 1770 589 pars

278 623 368 661 quo
403 614 587 649 senatus
624 608 873 648 auctoritas
910 620 1125 646 maxuma
1162 605 1291 653 foret,
1330 605 1502 646 bonum
1537 605 1770 659 publicum
1791 615 1814 657 5

229 692 255 732 4
277 680 542 719 simulantes
577 692 657 731 pro
692 692 773 718 sua
809 677 998 730 quisque
1044 676 1251 730 potentia
1307 677 1558 717 certabant.
1625 690 1770 729 neque

276 750 361 789 illis
389 749 611 789 modestia
638 762 783 800 neque
812 749 973 788 modus
1001 746 1304 788 contentionis
1331 752 1440 787 erat:
1471 747 1652 799 utrique
1679 747 1769 788 uic-

202 830 254 867 39
277 820 441 860 toriam
472 818 711 859 crudeliter
747 818 1030 858 exercebant.
1098 818 1176 858 sed
1211 822 1456 870 postquam
1492 817 1569 858 Cn.
1638 819 1768 859 Pom-

276 890 403 943 peius
437 890 493 930 ad
514 889 686 930 bellum
708 889 1006 929 maritumum
1041 894 1179 940 atque
1211 887 1574 929 Mithridaticum
1608 888 1770 929 missus

229 973 253 1002 2
277 960 517 1013 est,plebis
551 973 657 1013 opes
690 959 956 1005 inminutae,
992 972 1241 1011 paucorum
1274 959 1482 1011 potentia
1514 959 1669 999 creuit.
1734 959 1764 999 ii
1787 968 1840 999 10

277 1031 585 1083 magistratus,
621 1029 877 1083 prouincias
912 1029 1088 1081 aliaque
1123 1028 1275 1069 omnia
1308 1033 1472 1077 tenere;
1524 1029 1609 1082 ipsi
1642 1029 1768 1070 inno-

277 1102 352 1149 xii,
388 1101 615 1149 florentes,
652 1101 745 1141 sine
779 1105 905 1140 metu
939 1105 1138 1140 aetatem
1172 1112 1300 1152 agere
1315 1106 1576 1152 ceterosque
1594 1099 1770 1141 iudiciis

277 1178 455 1219 terrere,
499 1186 589 1224 quo
628 1172 807 1224 plebem
846 1170 892 1210 in
932 1170 1204 1223 magistratu
1243 1170 1463 1223 placidius
1502 1175 1766 1211 tractarent.

228 1255 254 1295 3
277 1243 354 1284 sed
381 1243 457 1283 ubi
486 1243 684 1296 primum
712 1241 861 1282 dubiis
887 1242 1021 1282 rebus
1048 1241 1248 1282 nouandi
1275 1253 1375 1294 spes
1403 1241 1558 1283 oblata
1584 1246 1665 1288 est,
1694 1254 1768 1282 ue-

227 1326 255 1367 4
277 1318 351 1354 tus
376 1318 605 1354 certamen
632 1313 806 1354 animos
831 1326 987 1353 eorum
1013 1312 1202 1353 adrexit.
1261 1312 1383 1363 quod
1408 1312 1443 1353 si
1468 1312 1614 1365 primo
1639 1324 1765 1365 proe-
1787 1320 1839 1365 15

278 1384 338 1425 lio
368 1384 562 1425 Catilina
592 1384 792 1437 superior
823 1388 904 1423 aut
934 1397 1080 1436 aequa
1110 1396 1248 1423 manu
1278 1382 1565 1431 discessisset,
1598 1382 1768 1435 profec-

278 1460 327 1496 to
354 1469 520 1508 magna
546 1455 695 1495 clades
722 1460 861 1507 atque
888 1454 1124 1495 calamitas
1150 1467 1244 1493 rem
1270 1454 1500 1506 publicam
1527 1453 1768 1506 oppressis-

279 1531 360 1574 set,
400 1539 546 1578 neque
583 1526 680 1573 illis,
722 1525 798 1578 qui
836 1524 1075 1565 uictoriam
1114 1523 1267 1576 adepti
1305 1524 1468 1572 forent,
1508 1523 1680 1564 diutius
1716 1537 1770 1564 ea

278 1596 345 1637 uti
378 1596 589 1644 licuisset,
626 1596 735 1649 quin
767 1595 952 1636 defessis
984 1601 1030 1636 et
1061 1594 1344 1647 exanguibus
1376 1595 1452 1648 qui
1484 1595 1585 1647 plus
1616 1600 1770 1648 posset

229 1676 254 1719 5
275 1667 516 1720 imperium
564 1672 702 1720 atque
750 1667 1008 1707 libertatem
1056 1670 1358 1719 extorqueret.
1439 1665 1561 1706 fuere
1609 1672 1764 1706 tamen
1783 1678 1840 1709 20

278 1743 408 1779 extra
446 1738 805 1779 coniurationem
843 1738 1107 1790 complures,
1150 1737 1225 1789 qui
1265 1737 1323 1777 ad
1361 1736 1602 1778 Catilinam
1638 1736 1769 1777 initio

278 1808 469 1862 profecti
502 1814 621 1849 sunt.
686 1808 733 1848 in
763 1808 816 1849 iis
847 1813 945 1848 erat
977 1807 1178 1855 Fuluius,
1212 1807 1433 1848 senatoris
1465 1806 1597 1854 filius,
1633 1820 1768 1860 quem

277 1885 527 1920 retractum
560 1893 615 1919 ex
647 1879 806 1919 itinere
839 1892 1001 1932 parens
1034 1878 1181 1919 necari
1214 1878 1356 1919 iussit.

373 2007 423 2037 15.
475 1999 611 2030 Charis.
637 2003 666 2029 et
690 1999 848 2029 Dz'omed.
876 1999 955 2029 uide
979 2009 1005 2028 c.
1034 2008 1116 2038 II.3.

373 2067 425 2095 19.
474 2058 518 2096 Cf
540 2059 757 2088 Pseudosall.
782 2062 834 2098 ep.
861 2058 879 2088 I
904 2066 954 2097 52
977 2057 1139 2088 defessus
1161 2060 1195 2088 et
1219 2056 1404 2097 exanguis.

371 2186 383 2206 1
419 2176 634 2206 nitebantur
666 2176 703 2214 (n
732 2177 796 2212 del)
833 2175 869 2205 Ρ1
1226 2170 1363 2212 species
1398 2176 1426 2202 N
1455 2170 1590 2211 specie]
1619 2181 1655 2201 es
1684 2181 1718 2202 ss
1748 2184 1765 2203 e

271 2235 477 2276 specialiter
507 2245 547 2265 ex
574 2234 693 2274 specie
719 2239 729 2265 1
971 2242 987 2262 2
1012 2240 1141 2271 nempe
1165 2232 1266 2269 (eras)
1293 2239 1451 2269 namque
1473 2235 1481 2260 1
1712 2231 1767 2261 uti

272 2304 401 2324 uerum
424 2293 549 2334 paucis
574 2299 606 2323 H
777 2293 795 2322 S
819 2292 882 2323 sed
905 2295 1103 2333 postquam
1121 2300 1173 2319 om
1211 2295 1236 2320 P
1256 2289 1332 2329 (sed
1350 2299 1396 2330 po
1416 2289 1450 2319 in
1473 2299 1525 2329 mg
1545 2290 1611 2325 ΜΞ)

277 2362 317 2383 10
336 2352 553 2383 imminutae
568 2355 654 2382 sunt
682 2357 691 2382 l
794 2345 797 2346 ⁷
918 2350 1031 2381 creuit
1058 2360 1109 2379 om
1158 2361 1180 2379 ιι
1387 2356 1422 2377 11
1452 2347 1604 2388 innoxii]
1630 2347 1665 2378 in
1689 2358 1765 2379 eras

275 2418 301 2443 F
326 2411 425 2442 noxii
452 2412 489 2442 Ρ1
509 2411 558 2451 (in
583 2411 603 2441 i.
631 2422 658 2441 c.
686 2410 800 2451 quieti
825 2410 958 2451 quibus
990 2419 1095 2439 nemo
1128 2408 1283 2438 nocebat
1315 2408 1359 2445 ss)
1387 2412 1475 2438 Nme

277 2480 315 2500 12
343 2467 571 2510 ceterosque]
601 2480 671 2509 que
702 2481 756 2500 0112
791 2470 922 2500 ΡῑΡῑῬ4
1100 2477 1137 2506 13
1159 2466 1256 2507 quod
1295 2467 1332 2497 Pl
1356 2464 1392 2505 <d
1410 2467 1488 2506 exp)
1528 2466 1577 2496 312

274 2529 310 2560 in
330 2529 587 2569 magistratum
626 2534 721 2559 KTF
931 2527 1072 2558 facilius
1097 2539 1118 2557 ιι
1318 2528 1518 2555 tractarent
1538 2536 1583 2555 ’ω’
1606 2526 1713 2555 -bant
1740 2530 1766 2556 P

467 2598 505 2627 14
534 2587 696 2618 nouandi
724 2588 762 2618 Ρ4
790 2588 819 2627 (s
842 2588 887 2626 ss)
921 2588 1043 2617 (irater
1068 2585 1247 2615 nouandis
1272 2579 1314 2614 52¹
1550 2584 1673 2614 ablata
1700 2589 1765 2615 PK

418 2656 456 2685 15
473 2649 580 2676 uetus
604 2646 716 2685 syllae
741 2650 925 2676 certamen
953 2646 1002 2676 ΜΕ
1030 2648 1137 2674 uetus
1164 2648 1249 2674 cert.
1279 2644 1391 2683 syllae
1420 2634 1458 2673 T·
1591 2643 1764 2673 arrexerit

274 2719 297 2737 n
467 2705 602 2747 proelio
631 2705 747 2746 primo
779 2718 813 2735 m
963 2714 1001 2743 17
1033 2702 1298 2744 rempublicam
1329 2704 1365 2733 sn
1389 2712 1446 2733 ras
1469 2704 1514 2733 al.
1546 2713 1577 2732 m
1613 2707 1643 2732 1(

278 2766 316 2796 18
349 2766 398 2795 eis
428 2765 490 2805 qui
521 2777 554 2795 ιιι
771 2774 810 2802 19
837 2763 1114 2804 ex(s)anguibus
1139 2757 1218 2804 qui]
1247 2762 1374 2792 ceteris
1403 2772 1436 2792 ss
1465 2762 1500 2791 1’¹
1512 2762 1549 2792 1¹²
1575 2760 1763 2801 exsangui-

274 2825 342 2855 bus
368 2824 496 2854 ccteris
522 2823 584 2863 qni
625 2829 653 2855 B
846 2826 993 2865 possent
1018 2822 1054 2853 Ρι
1081 2822 1148 2861 (set
1169 2822 1254 2859 coms)
1299 2833 1333 2851 m
1358 2822 1393 2860 (n
1415 2821 1502 2859 eras)
1722 2828 1763 2849 20

274 2886 510 2923 extorqueret
531 2894 571 2913 ex
593 2883 783 2915 extolleret
810 2888 834 2913 P
856 2882 1011 2922 eriperet
1033 2886 1042 2912 1
1189 2889 1227 2911 21
1254 2879 1290 2909 in
1321 2879 1425 2909 initio
1450 2879 1512 2917 1⁸2*
