2028 3261
549 203 838 234 COerRArro
879 203 1132 236 CATILINAE
1176 197 1220 244 [c.
1253 196 1409 243 40—43]
1655 204 1706 246 53

301 309 453 350 Isdem
484 309 575 349 fere
608 309 888 361 temporibus
915 308 961 349 in
988 309 1132 350 Gallia
1159 310 1362 352 citeriore
1390 320 1528 365 atque
1555 314 1706 354 ulteri-
1728 320 1778 357 42

215 394 301 428 ore,
345 380 454 420 item
495 380 542 420 in
583 393 689 432 agro
731 379 908 427 Piceno,
953 380 1148 428 Bruttio,
1192 381 1358 433 Apulia
1400 389 1552 423 motus
1593 390 1703 425 erat.

213 464 411 503 namque
446 450 521 498 illi,
562 463 674 502 quos
710 455 816 490 ante
853 449 1046 490 Catilina
1081 449 1326 497 dimiserat,
1365 451 1619 493 inconsulte
1656 463 1749 494 ac2

212 522 354 562 ueluti
391 534 470 574 per
507 521 785 561 dementiam
821 525 985 559 cuncta
1023 519 1156 560 simul
1193 520 1402 572 agebant.
1472 524 1707 564 nocturnis

167 602 190 644 5
213 591 419 639 consiliis,
444 604 673 632 armorum
694 595 832 642 atque
869 590 1062 629 telorum
1098 591 1448 642 portationibus,
1488 592 1705 634 festinan-

212 663 284 710 do,
315 662 530 714 agitando
557 660 709 701 onmia
735 660 836 712 plus
863 660 1038 700 timoris
1065 674 1203 712 quarn
1230 662 1414 714 periculi
1442 662 1701 705 effecerant.

211 747 267 773 ex
296 747 348 773 eo
378 745 565 772 numero
595 730 838 783 compluris
868 732 919 782 Q.
952 731 1160 771 Metellus
1190 732 1313 772 Celer
1343 738 1525 785 praetor
1555 748 1611 774 ex
1640 748 1704 775 se·
1726 745 1750 785 3

210 808 347 843 natus
379 802 587 842 consulto
608 814 747 841 causa
779 801 963 852 cognita
995 801 1041 841 in
1073 801 1256 842 uincula
1289 803 1558 852 coniecerat,
1594 804 1705 846 item

209 873 256 913 in
302 872 505 913 citeriore
551 870 697 913 Gallia
731 871 775 912 C.
812 872 1013 919 Murena,
1051 872 1128 924 qui
1163 872 1201 912 ei
1235 873 1495 925 prouinciae
1528 875 1705 927 legatus

140 954 192 983 10
213 947 434 996 praeerat.

301 1014 364 1053 At
400 1015 573 1053 Romae
607 1012 828 1056 Lentulus
863 1026 967 1053 cum
1002 1011 1172 1059 ceteris,
1204 1013 1279 1065 qui
1307 1014 1531 1067 principes
1552 1016 1702 1056 coniu-
1725 1025 1774 1063 43

206 1083 394 1125 rationis
419 1088 560 1131 erant,
588 1082 759 1136 paratis
784 1088 837 1123 ut
859 1082 1101 1123 uidebatur
1126 1083 1300 1136 magnis
1325 1084 1464 1137 copiis
1485 1086 1702 1127 constitu-

207 1159 405 1201 tuerant‚
446 1153 526 1201 uti,
549 1167 600 1194 cu
609 1168 653 1194 m
674 1153 868 1194 Catilina
886 1153 933 1193 in
953 1167 1111 1205 agrum
1131 1154 1436 1195 Faesulanum
1456 1169 1560 1196 cum
1579 1170 1701 1197 exer-

207 1225 301 1266 citu
335 1224 547 1271 uenisset,
587 1225 635 1268 L.
678 1224 832 1265 Bestia
869 1224 1080 1265 tribunus
1116 1224 1260 1277 plebis
1296 1226 1507 1266 contione
1544 1226 1703 1268 habita

136 1305 188 1347 15
213 1300 474 1348 quereretur
519 1294 574 1335 de
622 1294 876 1335 actionibus
924 1294 1146 1336 Ciceronis
1192 1295 1387 1348 bellique
1433 1297 1702 1348 grauissumi

205 1365 427 1406 inuidiam
467 1370 658 1418 optumo
698 1366 870 1406 consuli
910 1365 1159 1418 inponeret:
1217 1380 1269 1407 eo
1310 1366 1436 1419 signo
1477 1381 1702 1420 proxuma

205 1441 338 1478 nocte
369 1440 519 1476 cetera
550 1435 799 1476 multitudo
830 1435 1154 1477 coniurationis
1186 1450 1319 1477 suum
1352 1436 1541 1490 quisque
1569 1452 1701 1490 nego·

205 1507 322 1548 tium
342 1512 652 1558 exequeretur.
684 1507 762 1547 sed
790 1520 842 1547 ea
870 1507 1016 1548 diuisa
1030 1507 1114 1548 hoc
1131 1507 1267 1548 modo
1288 1507 1569 1548 dicebantur:
1600 1509 1701 1550 Sta-
1724 1520 1746 1550 2

205 1577 329 1618 tilius
360 1582 407 1617 et
439 1577 658 1618 Gabinius
690 1577 757 1618 uti
790 1591 894 1618 cum
926 1591 1091 1630 magna
1124 1591 1263 1618 manu
1295 1578 1535 1619 duodecim
1567 1579 1701 1620 simul

134 1659 187 1689 20
210 1652 437 1702 oportuna
461 1648 559 1688 loca
583 1647 706 1688 urbis
731 1647 1035 1696 incenderent,
1065 1662 1154 1700 quo
1180 1649 1384 1689 tumultu
1409 1648 1581 1689 facilior
1607 1649 1698 1690 adi-

204 1724 280 1760 tus
314 1719 372 1759 ad
405 1719 635 1759 consulem
669 1723 945 1772 ceterosque,
982 1719 1146 1771 quibus
1179 1718 1367 1759 insidiae
1401 1719 1696 1772 parabantur,

204 1789 346 1837 fieret;
392 1789 615 1842 Cethegus
657 1789 880 1830 Ciceronis
921 1789 1106 1830 ianuam
1149 1788 1375 1830 obsideret
1416 1803 1611 1842 eumque
1653 1790 1698 1830 ui

299 2001 313 2022 1
347 1991 384 2022 in
414 1991 522 2032 gallia
551 2001 585 2022 ss
618 1996 645 2022 P
872 2001 890 2022 2
924 1992 1046 2022 brutia
1076 1992 1150 2030 3127*
1398 1992 1538 2023 bruttio
1567 1992 1604 2023 in
1632 1992 1691 2033 (ss)

204 2050 326 2092 apulia
350 2056 361 2082 1
388 2050 532 2081 bruccio
558 2050 596 2081 in
622 2050 744 2091 apulia
769 2062 805 2081 m
829 2050 968 2081 bruttio
986 2051 1107 2092 apulio
1127 2051 1281 2091 (bruttia
1299 2054 1410 2092 atque
1428 2051 1551 2092 apulia
1579 2052 1648 2091 7122)
1679 2064 1696 2083 e

464 2119 481 2149 3
509 2119 599 2150 quos
625 2109 734 2149 paulo
760 2112 845 2140 ante
873 2108 902 2140 Γ
1149 2120 1167 2149 7
1193 2120 1219 2141 s.
1248 2120 1275 2141 c,
1306 2115 1339 2141 Η
1367 2110 1484 2150 (sociis
1511 2114 1569 2141 cat
1595 2121 1627 2141 ss
1649 2112 1694 2142 al.

202 2170 247 2208 m)
290 2169 339 2200 212
364 2169 526 2208 (senatus
559 2168 729 2198 consultu
760 2169 804 2206 ss)
850 2171 998 2199 senatus
1019 2168 1189 2199 consultu
1211 2174 1308 2200 TMF
1347 2180 1391 2200 ex
1411 2169 1516 2200 sociis
1537 2179 1646 2200 causa
1672 2181 1695 2200 n

202 2222 401 2274 exfflsociis
427 2237 535 2258 causa
562 2228 599 2257 >in
628 2237 684 2257 ras
712 2239 729 2258 e
922 2228 940 2257 8
965 2227 1168 2258 coniecerat
1190 2239 1231 2259 ex
1253 2228 1445 2269 collegerat
1491 2228 1525 2258 Ρ1
1645 2266 1664 2283 n

202 2296 222 2323 9
251 2296 379 2326 gracus
402 2296 552 2317 murena
596 2286 635 2317 Ρ2
831 2295 870 2316 12
900 2282 1128 2332 uidebaffltur
1161 2290 1198 2327 (n
1226 2289 1314 2321 eras)
1354 2293 1420 2319 Nm
1580 2287 1695 2326 magis

204 2345 244 2376 Pl
454 2354 494 2384 13
517 2345 786 2375 constituerant
807 2339 958 2377 Hxs'ie
980 2345 1221 2377 constituerat
1243 2345 1362 2387 [P¹].f[
1372 2345 1694 2387 N]K[H]Tsnm[c]

392 2413 474 2435 cum
495 2408 572 2434 ante
595 2403 750 2434 Catilina
779 2409 844 2444 exp
872 2410 897 2434 T
921 2414 997 2434 ems
1022 2417 1039 2435 e
1253 2414 1291 2445 14
1318 2405 1502 2436 uenissent
1529 2400 1690 2445 P4F'(-T')

393 2472 431 2501 15
458 2462 712 2502 grauissimam
738 2468 772 2493 Κ
979 2472 1018 2502 17
1046 2473 1154 2493 suum
1179 2473 1324 2504 quoque
1353 2466 1511 2505 (queque
1536 2466 1621 2499 corr)
1654 2464 1693 2494 Ρ1

201 2531 308 2551 suum
334 2517 523 2567 quefflque
552 2522 602 2560 (m
626 2523 713 2556 eras)
741 2527 769 2552 N
799 2532 966 2562 quaeque
990 2532 1098 2553 suum
1117 2527 1150 2553 Η
1168 2533 1275 2553 suum
1293 2532 1459 2564 quaeque
1478 2524 1538 2553 rell
1570 2522 1693 2563 [suum

201 2580 354 2620 quisque
372 2580 489 2610 Paris.
511 2580 616 2621 5750]
808 2584 1048 2621 exequeretur
1070 2581 1259 2621 negotium
1299 2594 1335 2613 m
1463 2582 1502 2612 IS
1521 2592 1561 2611 ea
1585 2591 1693 2611 causa

203 2639 279 2678 (lin.
304 2639 381 2678 exp)
408 2638 527 2669 diuisa
551 2644 585 2670 K
858 2639 1018 2670 statilius
1037 2643 1073 2670 et
1091 2640 1259 2679 gabinius
1280 2641 1348 2672 PP1
1369 2646 1417 2679 (et
1437 2642 1499 2676 del)
1526 2640 1565 2671 1‘4
1584 2645 1619 2669 et
1639 2650 1690 2670 om

200 2698 261 2727 rell
456 2706 494 2733 19
522 2707 653 2737 magna
672 2708 807 2737 magnii
831 2700 884 2737 (ex
906 2703 1049 2738 inagna)
1079 2699 1118 2729 Ρ2
1393 2708 1434 2728 20
1457 2697 1691 2728 incenderent

203 2754 434 2787 HNHTlsme
457 2755 666 2786 incenderet
693 2755 941 2797 [P1].E'KM²7‘11
1263 2767 1303 2787 22
1330 2757 1512 2787 obsideret
1535 2767 1575 2786 ex
1597 2756 1690 2786 obsi-

202 2814 264 2845 det
290 2820 316 2846 P
