2028 3261
294 225 345 276 58
778 233 815 263 c.
860 233 1078 265 SALLvsrr
1121 232 1271 263 CRISP1

389 343 497 381 Post
527 354 631 380 eum
662 339 781 379 diem
814 339 1000 391 quidam
1026 340 1074 382 L.
1105 338 1377 391 Tarquinius
1399 339 1456 378 ad
1477 346 1686 382 senatum
1707 342 1783 382 ad-

294 412 459 452 ductus
491 416 601 455 erat,
639 424 773 462 quem
807 410 863 450 ad
898 409 1141 450 Catilinam
1173 408 1535 461 proficiscentem
1568 425 1623 451 ex
1655 411 1784 452 itine—

247 495 273 534 4
293 496 339 522 re
392 487 641 522 retractum
671 481 866 521 aiebant.
928 480 964 520 is
993 493 1096 519 curn
1125 493 1170 519 se
1199 479 1367 519 diceret
1394 479 1703 522 indicaturum
1732 482 1787 522 de

295 553 618 599 coniuratione,
664 552 698 592 si
734 551 847 591 fides
878 551 1059 603 publica
1091 550 1201 590 data
1232 556 1362 597 esset,
1395 550 1542 591 iussus
1574 564 1599 590 a
1630 565 1788 592 consu-

295 624 333 664 le
393 637 507 676 quae
565 622 698 663 sciret
733 622 918 668 edicere,
957 621 1115 661 eadem
1152 620 1242 660 fere
1291 633 1406 672 quae
1441 622 1700 662 Volturcius
1737 622 1791 663 de
1818 632 1842 674 5

295 694 467 747 paratis
501 692 732 739 incendiis,
771 692 825 732 de
861 692 996 732 caede
1031 692 1268 739 bonorum,
1307 691 1361 731 de
1395 691 1555 732 itinere
1590 692 1791 733 hostium

295 770 505 805 senatum
552 764 695 804 docet:
762 768 995 815 praeterea
1039 776 1084 803 se
1131 762 1318 802 missum
1353 775 1377 801 a
1410 764 1468 802 M.
1507 762 1677 811 Crasso,
1715 763 1790 816 qui

297 835 516 876 Catilinae
546 833 793 880 nuntiaret,
826 846 881 872 ne
911 847 1016 873 eum
1045 833 1266 876 Lentulus
1296 838 1342 873 et
1373 832 1596 886 Cethegus
1626 833 1792 886 aliique

296 919 352 946 ex
382 904 693 946 coniuratione
725 903 989 955 deprehensi
1020 908 1254 951 terrerent,
1288 917 1429 955 eoque
1461 904 1603 956 magis
1633 918 1791 957 prope-

296 982 416 1017 raret
473 975 530 1016 ad
559 975 718 1016 urbem
748 973 976 1021 adcedere,
1011 987 1100 1026 quo
1129 978 1175 1013 et
1205 979 1456 1014 ceterorum
1486 975 1660 1016 animos
1689 975 1788 1015 refi-
1814 985 1866 1015 10

251 1057 274 1099 5
297 1052 430 1093 ceret,
460 1052 507 1087 et
532 1046 594 1086 illi
623 1044 798 1086 facilius
825 1059 848 1085 e
875 1044 1073 1097 periculo
1101 1044 1391 1097 eriperentur.
1476 1045 1553 1085 sed
1581 1045 1657 1086 ubi
1685 1045 1722 1086 T
1727 1059 1793 1086 ar-

299 1117 480 1170 quinius
519 1117 727 1158 Crassum
765 1115 1036 1161 nominauit,
1076 1114 1305 1155 hominem
1330 1115 1540 1163 nobilem,
1569 1116 1797 1157 maxumis

299 1187 484 1233 diuitiis,
517 1200 695 1227 summa
726 1186 948 1238 potentia,
982 1185 1055 1225 alii
1086 1200 1180 1226 rem
1209 1185 1519 1226 incredibilem
1549 1186 1650 1234 rati,
1691 1200 1796 1239 pars

299 1258 483 1299 tametsi
526 1271 685 1298 uerum
737 1257 1082 1297 existumabant
1138 1261 1295 1297 tamen
1325 1256 1431 1309 quia
1478 1256 1525 1297 in
1573 1257 1652 1297 tali
1683 1262 1796 1297 tem-

299 1343 406 1383 pore
443 1334 577 1369 tanta
614 1328 682 1369 uis
718 1327 914 1368 hominis
951 1327 1094 1379 magis
1130 1327 1337 1367 lenienda
1359 1340 1497 1379 quam
1518 1327 1794 1380 exagitanda
1817 1337 1870 1379 15

308 1400 563 1447 uidebatur,
605 1399 806 1452 plerique
846 1398 1004 1439 Crasso
1044 1412 1099 1438 ex
1138 1397 1329 1450 negotiis
1368 1398 1560 1450 priuatis
1599 1398 1796 1446 obnoxii,

309 1471 598 1512 conclamant
632 1469 827 1510 indicem
863 1469 1029 1509 falsum
1065 1483 1172 1516 esse,
1213 1469 1357 1520 deque
1394 1482 1446 1508 ea
1482 1482 1527 1508 re
1563 1469 1801 1521 postulant

255 1542 369 1584 6uti
413 1541 646 1581 referatur.
721 1540 878 1591 itaque
921 1540 1184 1579 consulente
1229 1539 1438 1580 Cicerone
1480 1538 1693 1591 frequens
1735 1553 1799 1580 se-

301 1618 437 1653 natus
476 1610 690 1658 decernit,
737 1609 955 1662 Tarquini
982 1609 1201 1650 indicium
1228 1609 1393 1650 falsum
1420 1608 1575 1657 uideri,
1606 1623 1800 1662 eumque

300 1684 347 1724 in
376 1682 566 1724 uinculis
593 1681 894 1728 retinendum,
925 1694 1070 1733 neque
1099 1680 1293 1734 amplius
1319 1685 1598 1734 potestatem
1625 1680 1796 1721 faciun-
1819 1691 1876 1721 20

303 1754 423 1802 dam,
452 1753 536 1793 nisi
564 1753 619 1793 de
646 1766 698 1792 eo
724 1752 958 1799 indicaret,
989 1751 1115 1792 cuius
1142 1751 1327 1792 consilio
1354 1756 1536 1791 tantam
1563 1765 1657 1792 rem
1683 1756 1801 1792 esset

256 1837 281 1880 7
304 1824 536 1866 mentitus.
603 1828 734 1863 erant
767 1837 819 1863 eo
852 1828 1056 1875 tempore
1092 1822 1168 1874 qui
1202 1822 1547 1869 existumarent,
1583 1821 1801 1863 indicium

302 1895 414 1936 illud
451 1908 475 1934 a
514 1896 561 1934 P.
601 1894 826 1934 Autronio
863 1892 1192 1941 machinatum,
1233 1907 1322 1945 quo
1359 1892 1534 1933 facilius
1572 1893 1802 1946 appellato

307 1967 464 2008 Crasso
498 1979 576 2018 per
612 1964 876 2005 societatem
912 1963 1095 2016 periculi
1131 1964 1326 2015 reliquos
1360 1963 1478 2003 illius
1512 1963 1719 2016 potentia
1736 1968 1800 2004 te-

404 2106 416 2127 1
443 2095 594 2137 quidam
616 2105 668 2125 om
694 2100 727 2125 Κ
749 2105 781 2125 ss
806 2100 870 2125 Tm
1121 2093 1302 2124 adductus
1325 2093 1371 2124 ad
1392 2098 1564 2124 senatum
1586 2097 1664 2124 erat
1688 2099 1715 2124 B
1740 2093 1801 2124 ad-

309 2156 441 2187 ductus
467 2158 545 2186 erat
571 2155 616 2185 ad
643 2158 812 2185 senatum
838 2167 855 2184 e
976 2153 1156 2184 deductus
1181 2157 1259 2183 erat
1289 2158 1349 2183 DF
1494 2162 1510 2182 2
1540 2151 1722 2183 adductus
1747 2156 1803 2182 est

309 2221 334 2246 Τ
569 2212 877 2254 proficiscendum
909 2225 932 2243 n
1213 2215 1415 2242 retractum
1446 2222 1490 2241 ex
1522 2211 1650 2241 itinere
1684 2211 1803 2242 P⁴Tne

309 2303 469 2328 tractum
489 2307 533 2327 ex
552 2297 591 2327 it.
614 2297 701 2327 M²m
726 2298 774 2335 (re
793 2301 838 2335 ss)
1097 2305 1114 2334 3
1136 2290 1314 2340 alliebant
1336 2300 1393 2325 PT
1414 2271 1535 2324 aiebiit
1557 2294 1594 2324 Pl
1615 2293 1803 2324 habebant

312 2357 335 2393 (i
364 2363 409 2391 ss)
445 2357 484 2386 P²
703 2354 902 2386 discederet
932 2359 996 2395 exp
1027 2354 1161 2384 diceret
1190 2364 1223 2384 ss
1253 2359 1262 2385 l
1481 2352 1524 2383 de
1554 2352 1804 2382 coniuratione

309 2415 557 2446 indicaturum
579 2426 621 2453 γη
837 2424 855 2452 5
876 2413 992 2444 dicere
1016 2413 1253 2454 NKM2nm[o]
1463 2412 1481 2441 8
1502 2415 1612 2452 atque
1632 2411 1805 2451 cethegus

310 2475 476 2505 212Tnnu·
734 2483 774 2503 1o
800 2472 844 2503 ad
869 2474 921 2503 del
945 2485 959 2503 s
984 2483 1036 2503 om
1063 2485 1118 2503 me
1374 2466 1573 2516 accelldere
1601 2472 1637 2509 (n
1660 2470 1747 2509 eras)
1778 2475 1805 2500 P

312 2532 497 2563 accederet
528 2538 594 2563 Nm
811 2542 846 2562 11
875 2527 1044 2577 faciliusl}
1076 2532 1105 2570 (s
1128 2534 1216 2569 eras)
1247 2536 1273 2561 Ρ
1489 2539 1528 2568 13
1554 2528 1806 2559 incredibilem

311 2602 343 2622 ss
363 2597 388 2622 P
515 2601 525 2620 1
538 2601 553 2630 7
572 2591 727 2621 iudicem
746 2592 814 2622 PP1
835 2590 932 2631 (corr)
953 2590 1049 2634 indie
1070 2589 1167 2633 (cem
1183 2583 1236 2632 ss)
1252 2594 1261 2620 l
1382 2589 1422 2619 18
1438 2588 1618 2631 referatur
1638 2584 1706 2629 (dis
1725 2580 1778 2631 ss)
1794 2592 1806 2618 1

503 2660 543 2687 19
568 2649 743 2680 indicium
768 2649 942 2690 tarquinii
969 2661 986 2688 'l'
1217 2657 1254 2679 21
1284 2647 1463 2678 mentitus
1487 2651 1581 2677 esset
1608 2648 1696 2687 (post
1721 2646 1801 2686 add)

315 2716 341 2740 Β
489 2719 528 2739 22
564 2712 668 2739 erant
701 2719 753 2738 om
788 2709 837 2741 312
871 2719 912 2739 eo
946 2713 1108 2750 ternpore
1142 2711 1246 2738 erant
1281 2713 1345 2738 Tm
1569 2705 1806 2736 aestimarent

313 2768 471 2809 Y(-NT)s
682 2768 771 2798 illud
792 2767 967 2798 indicium
1008 2773 1035 2798 B
1238 2776 1279 2805 23
1309 2765 1542 2796 nominatum
1567 2775 1584 2803 γ
1607 2763 1805 2804 (machina-

314 2834 394 2858 tum
417 2837 450 2857 ss
477 2833 550 2867 DF)
807 2837 847 2866 24
873 2826 1039 2867 potentia
1063 2825 1139 2856 eius
1164 2826 1203 2856 Ρ4
1228 2830 1303 2866 pot.
1329 2824 1425 2855 illius
1451 2830 1484 2855 Η
1743 2832 1806 2863 po-

315 2886 451 2916 tentiae
480 2892 505 2917 P
