2028 3261
313 231 365 260 22
809 231 845 259 C.
882 231 1099 263 SALLVSTI
1134 232 1283 261 CRISPI
1475 245 1492 257 .

266 349 291 389 4
315 337 401 384 riri,
445 337 521 377 sed
563 351 615 378 ea
655 337 806 378 omnia
846 338 955 377 luxu
997 343 1276 390 antecapere.
1349 339 1458 379 haec
1497 339 1798 388 iuuentutem,

314 407 389 448 ubi
428 407 669 448 familiares
705 422 811 460 opes
846 408 1115 453 defecerant,
1155 408 1211 448 ad
1247 407 1447 449 facinora
1483 409 1798 450 incendebant.

266 489 289 529 5
315 478 492 518 animus
523 479 710 518 inbutus
743 478 872 518 malis
904 478 1076 518 artibus
1108 479 1231 518 haud
1262 478 1391 519 facile
1422 479 1699 520 lubidinibus
1730 493 1800 520 ca-

314 549 456 595 rebat;
490 563 541 589 eo
572 549 798 602 profusius
829 549 1038 589 omnibus
1069 549 1214 589 modis
1245 549 1451 600 quaestui
1483 554 1620 601 atque
1651 562 1800 603 sump—

314 619 379 659 tui
424 619 605 659 deditus
646 627 754 659 erat.
1821 629 1845 671 5

253 700 301 737 14
410 692 464 730 In
504 696 635 730 tanta
676 696 862 741 tamque
902 696 1114 743 corrupta
1155 678 1340 730 ciuitate
1374 690 1578 738 Catilina,
1607 690 1653 730 id
1681 690 1803 742 quod

312 761 437 800 factu
480 760 761 800 facillumum
803 765 912 807 erat,
956 761 1158 800 011111111111
1199 761 1476 811 flagitiorum
1518 766 1655 812 atque
1695 759 1802 800 faci-

311 845 473 870 norum
505 830 671 870 circum
703 844 746 870 se
778 837 1015 882 tamquam
1047 831 1318 883 stipatorum
1349 838 1556 871 cateruas
1584 830 1798 871 habebat.

264 913 287 941 2
312 915 418 941 nam
453 901 726 952 quicumque
757 900 1009 953 inpudicus,
1045 901 1234 947 adulter,
1268 915 1410 953 ganeo
1441 916 1592 949 manu,
1626 906 1798 948 uentre,

311 986 422 1030 pene
453 972 573 1011 bona
602 971 749 1024 patria
780 972 1070 1017 lacerauerat‚
1104 971 1270 1023 quique
1301 971 1496 1012 alienum
1527 986 1600 1012 aes
1629 971 1872 1024 grande10

261 1054 286 1093 3
310 1042 603 1089 conflauerat,
639 1055 728 1093 quo
760 1041 985 1093 flagitium
1018 1048 1098 1081 aut
1124 1041 1298 1082 facinus
1325 1042 1577 1090 redimeret,
1604 1047 1800 1095 praeter-

310 1127 361 1153 ea
408 1126 563 1153 omnes
608 1112 807 1164 undique
851 1111 1111 1165 parricidae,
1156 1111 1370 1164 sacrilegi,
1403 1112 1598 1152 conuicti
1627 1111 1803 1153 iudiciis

311 1188 389 1223 aut
435 1197 515 1235 pro
564 1182 698 1223 factis
743 1182 960 1222 iudicium
1004 1182 1231 1230 timentes,
1278 1183 1336 1223 ad
1367 1183 1451 1223 hoc
1495 1196 1606 1235 quos
1640 1194 1802 1223 manus

310 1259 448 1305 atque
484 1253 636 1305 lingua
670 1253 864 1306 periurio
890 1259 970 1293 aut
995 1253 1211 1305 sanguine
1236 1253 1354 1293 ciuili
1381 1253 1544 1301 alebat,
1573 1258 1801 1306 postremo

309 1338 462 1366 omnes
519 1338 631 1375 quos
688 1324 927 1376 flagitium,
985 1330 1172 1376 egestas,
1229 1324 1432 1364 conscius
1478 1324 1655 1365 animus
1695 1338 1797 1365 exa·
1819 1331 1871 1375 15

257 1407 283 1447 4
306 1387 565 1452 gital)a(1s)t,
593 1395 620 1434 ii
649 1395 867 1435 Catilinae
891 1395 1100 1447 proxumi
1127 1394 1459 1447 familiaresque
1483 1399 1625 1435 erant.
1681 1395 1802 1447 quod

308 1466 342 1506 si
374 1466 473 1518 quis
502 1465 641 1506 etiam
671 1479 695 1505 a
726 1466 859 1518 culpa
887 1479 1059 1505 uacuus
1088 1465 1133 1505 in
1164 1465 1411 1505 amicitiam
1441 1465 1535 1505 eius
1563 1465 1797 1513 inciderat,

402 1587 432 1613 (2.
484 1584 674 1623 Augustin.
702 1585 769 1614 [ιίι.
798 1583 841 1613 D.
870 1583 937 1613 III
963 1591 982 1612 2
1008 1584 1097 1613 male
1123 1584 1214 1613 enim
1241 1585 1435 1614 coniuratio
1452 1584 1628 1614 Catilinae
1644 1583 1681 1613 in
1695 1586 1801 1614 tanta

308 1647 458 1682 tamque
494 1646 665 1683 corrupta
700 1642 850 1672 ciuitate
883 1643 1004 1673 habuit
1037 1643 1141 1672 etiam
1174 1653 1291 1673 eorum
1324 1643 1491 1683 grandem
1523 1643 1673 1683 copiam,
1709 1652 1800 1683 quos

307 1711 438 1732 manus
459 1701 577 1741 adque
598 1701 719 1741 lingua
740 1701 897 1742 periurio
918 1705 981 1731 aut
1001 1701 1176 1740 sanguine
1198 1701 1295 1732 ciuili
1316 1701 1447 1732 alebat.

401 1770 432 1799 7.
483 1761 663 1801 Eugraplz.
692 1761 738 1790 ad
765 1760 858 1790 Eun.
890 1760 917 1790 V
933 1761 998 1802 6.,17
1020 1759 1123 1791 'itane
1138 1761 1293 1801 lepidum
1308 1761 1371 1791 tibi
1385 1762 1504 1790 uisum
1518 1764 1566 1791 est
1579 1770 1642 1791 nos
1656 1761 1800 1792 irridere

306 1819 427 1851 scelus'
467 1821 525 1850 hoc
563 1824 610 1850 est
649 1819 697 1850 'tn
731 1819 853 1849 scelus'
890 1820 927 1850 id
947 1807 993 1850 est
1016 1821 1196 1851 scelerata:
1216 1821 1264 1850 sic
1285 1821 1379 1850 enim
1400 1829 1451 1850 res
1472 1820 1553 1860 ipsa
1573 1821 1717 1860 ponitur
1736 1823 1799 1860 pro

305 1884 466 1920 persowa,
490 1882 526 1909 vt
548 1879 758 1909 Sallustius:
787 1879 831 1908 ad
854 1878 922 1909 hoc
944 1878 1145 1909 facinorum
1168 1878 1302 1909 circum
1319 1889 1354 1909 se
1372 1882 1564 1919 tamquam
1579 1878 1801 1919 stipatorum

307 1942 474 1969 cateruas
503 1938 675 1968 habebat.

399 2007 430 2034 9.
477 1997 606 2028 Fronto
632 1998 681 2027 ed.
704 1997 795 2028 Nab.
818 2001 842 2037 p
865 2005 930 2035 153
951 1997 1170 2028 Sallustiuss.
1191 2022 1196 2028 .
1217 2022 1222 2028 .
1246 1996 1381 2037 quique
1398 2006 1520 2035 manu,
1543 1999 1683 2035 uentre,
1709 2005 1800 2037 pene

307 2057 403 2087 bona
446 2056 565 2096 patria
608 2057 842 2086 lacerauerat.
876 2074 922 2077 —
951 2057 1143 2096 Augustz'n.
1184 2057 1339 2097 princip.
1364 2057 1449 2089 dial.
1481 2065 1500 2096 7
1525 2056 1617 2086 unde
1639 2056 1733 2086 enim
1755 2055 1800 2094 sit

305 2116 396 2156 qnod
431 2125 502 2145 uon
546 2115 740 2153 offenditur
776 2117 921 2146 aurium
949 2117 1101 2154 castitas,
1132 2126 1210 2146 cum
1239 2115 1357 2146 audit:
1386 2124 1509 2153 manu,
1537 2116 1677 2153 uentre,
1707 2123 1799 2155 pene

306 2175 402 2205 bona
432 2173 552 2215 patria
581 2174 818 2204 lacerauerat.

402 2302 415 2323 1
443 2293 533 2323 luxu
557 2292 717 2333 accipere
741 2304 764 2323 n
789 2295 1005 2333 antecapere
1028 2292 1117 2322 luxu
1140 2304 1158 2323 e
1429 2300 1447 2321 2
1473 2290 1722 2321 accendebant
1747 2289 1797 2331 (in

304 2353 350 2392 ss)
401 2357 429 2383 B
653 2363 672 2391 4
702 2347 769 2397 ΙΙΙΙΙ
793 2345 911 2382 modis
929 2351 1099 2382 omnibus
1121 2350 1303 2390 (omnibus
1320 2359 1396 2381 eras
1414 2353 1444 2380 et
1461 2353 1538 2390 post
1556 2350 1626 2381 add
1643 2359 1677 2381 m
1695 2350 1728 2389 2)
1769 2355 1797 2381 B

544 2414 671 2452 quaest
740 2409 795 2440 tui
835 2415 862 2441 P
1108 2412 1128 2440 6
1149 2410 1186 2440 in
1206 2412 1312 2440 tanta
1331 2408 1456 2449 itaque
1476 2411 1626 2449 tamque
1644 2407 1796 2450 [P¹]P²B

303 2470 341 2500 in
362 2473 468 2500 tanta
487 2469 598 2508 igitur
618 2472 768 2510 tamque
793 2475 819 2500 T
841 2469 878 2499 in
902 2472 980 2500 tam
1002 2478 1160 2509 namque
1185 2473 1214 2499 D
1241 2468 1337 2508 (corr)
1585 2477 1603 2506 7
1626 2470 1713 2498 actu
1736 2472 1797 2498 Kn

517 2527 785 2568 flagitiosorum
813 2532 924 2569 atquc
950 2527 1238 2559 facinorosorum
1265 2526 1576 2568 [NJKHDFTlm]

304 2597 324 2625 9
352 2587 560 2628 impudicus
593 2587 737 2618 adulter
773 2597 887 2628 ganeo
922 2596 1034 2617 manu
1066 2589 1193 2617 uentre
1225 2596 1315 2627 pene
1339 2584 1468 2617 I'snme
1490 2585 1576 2626 imp.
1602 2584 1659 2615 ad.
1684 2595 1798 2616 manu

305 2650 433 2677 uentre
472 2647 600 2687 (ganeo
636 2650 665 2677 et
697 2656 789 2686 pene
825 2656 858 2676 ss
891 2647 959 2685 m2)
996 2651 1023 2676 P
1054 2645 1140 2686 imp.
1164 2644 1220 2676 ad.
1243 2645 1321 2675 alea
1344 2645 1474 2684 (ganeo
1495 2642 1544 2681 ss)
1567 2654 1614 2675 m.
1637 2654 1670 2674 u.
1692 2653 1726 2685 p.
1749 2635 1796 2676 P1

304 2706 390 2747 imp.
427 2705 483 2736 ad.
515 2715 630 2746 ganeo
664 2705 741 2735 alea
770 2715 818 2735 in.
850 2715 883 2735 u.
923 2714 955 2745 p.
993 2705 1033 2736 Ρ2
1057 2704 1142 2745 imp.
1166 2704 1222 2734 ad.
1245 2714 1360 2744 ganeo
1380 2713 1493 2734 manu
1513 2704 1656 2743 (lacuna
1675 2711 1696 2742 4
1713 2702 1792 2743 litt.)

305 2765 384 2796 alea
403 2775 437 2795 u.
460 2774 493 2805 p.
519 2770 547 2796 B
567 2764 652 2805 imp.
678 2764 734 2795 ad.
758 2764 836 2794 alea
855 2774 969 2804 ganeo
989 2774 1036 2794 m.
1062 2774 1095 2794 u.
1120 2773 1153 2804 p.
1180 2763 1221 2795 Ρ*
1243 2762 1329 2804 imp.
1355 2761 1411 2793 ad.
1436 2772 1548 2793 manu
1569 2772 1604 2793 u.
1627 2770 1662 2802 p.
1685 2766 1696 2792 l

449 2833 490 2854 10
524 2824 775 2855 lacerauerant
807 2828 818 2854 1
1095 2824 1137 2853 16
1170 2822 1383 2863 exagitabat
1406 2815 1450 2850 ,ρ’
1475 2815 1527 2863 [cs
1546 2820 1640 2852 Prot.
1661 2823 1687 2861 p
1707 2815 1793 2864 168]

514 2892 555 2922 17
578 2886 656 2923 post
677 2881 790 2923 siqujs
812 2891 870 2913 ras
893 2891 914 2921 4
935 2883 999 2913 litt.
1025 2887 1054 2913 B
