2028 3261
517 209 807 241 CONIVRATIO
847 207 1100 240 CATILINAE
1154 197 1200 245 [c.
1229 197 1384 244 36—38]
1648 207 1702 248 49

213 319 349 359 domo
379 317 629 369 expulerat,
661 314 690 355 ii
723 317 919 355 Romam
940 313 1057 354 sicut
1070 313 1116 352 in
1131 313 1357 354 sentinam
1373 312 1702 353 confluxerant.

213 387 374 429 deinde
399 387 532 427 multi
558 398 778 427 memores
803 385 1015 427 Sullanae
1039 383 1270 431 uictoriae,
1301 383 1423 435 quod
1449 396 1504 422 ex
1529 395 1704 433 gregar-
1723 381 1750 422 6

211 458 265 499 iis
294 458 514 498 militibus
544 457 654 497 alios
682 461 912 496 senatores
940 454 1174 501 uidebant,
1208 453 1318 493 alios
1346 452 1412 492 ita
1442 452 1619 498 diuites,
1652 457 1705 491 ut

212 529 333 581 regio
364 527 491 568 uictu
523 532 661 580 atque
693 526 818 566 cultu
851 530 1051 565 aetatem
1083 528 1280 575 agerent,
1315 522 1398 562 sibi
1432 522 1634 574 quisque,
1670 522 1705 561 si

167 610 191 652 5
212 599 259 640 in
284 598 419 640 armis
443 598 561 639 foret
587 632 595 645 ,
623 611 679 637 ex
702 595 894 636 uictoria
918 594 1029 634 talia
1054 594 1280 646 sperabat.
1299 597 1535 645 praeterea
1550 592 1706 632 iuuen—
1727 603 1752 644 7

214 674 302 717 tus,
335 682 450 721 quae
478 668 525 708 in
555 667 670 720 agris
699 679 919 706 manuum
949 664 1152 704 mercede
1181 663 1383 716 inopiam
1412 664 1704 709 tolerauerat,

214 739 405 793 priuatis
445 743 583 790 atque
621 736 813 790 publicis
851 735 1168 787 largitionibus
1207 734 1356 774 excita
1395 734 1622 774 urbanum
1663 747 1707 773 o-

215 811 332 850 tium
380 809 559 861 ingrato
598 806 741 847 labori
781 806 1073 859 praetulerat.
1117 819 1191 845 eos
1233 809 1371 856 atque
1413 804 1522 844 alios
1563 803 1709 844 omnis

215 880 386 920 malurn
421 878 655 932 publicum
691 877 855 918 alebat.
924 890 1013 928 quo
1049 876 1198 916 minus
1234 875 1492 915 mirandum
1528 879 1596 914 est
1631 874 1708 913 ho—
1729 873 1754 913 8

144 962 197 991 10
220 950 361 991 mines
397 949 581 1001 egentis,
620 948 749 988 malis
785 947 998 993 moribus,
1038 960 1255 987 maxuma
1291 959 1368 998 spe
1404 945 1465 985 rei
1502 944 1710 997 publicae

218 1021 349 1061 iuxta
377 1033 427 1060 ac
455 1019 538 1060 sibi
566 1018 853 1060 consuluisse.
913 1023 1146 1070 praeterea
1175 1029 1367 1068 quorum
1395 1015 1586 1055 uictoria
1614 1014 1709 1055 Sul·
1731 1026 1756 1067 9

215 1091 283 1131 lae
327 1096 537 1143 parentes
581 1088 833 1143 proscripti,
868 1088 989 1128 bona
1021 1092 1189 1140 erepta,
1224 1087 1293 1127 ius
1325 1085 1549 1126 libertatis
1581 1085 1710 1124 inmi-

217 1166 382 1202 nutum
409 1166 518 1209 erat,
548 1161 672 1201 haud
699 1173 804 1200 sane
833 1159 918 1199 alio
947 1159 1098 1199 animo
1124 1158 1227 1198 belli
1255 1162 1473 1198 euentum
1500 1160 1711 1208 expecta-

217 1232 343 1272 bant.
405 1232 462 1272 ad
490 1232 575 1272 hoc
605 1231 878 1283 quicumque
908 1229 1098 1270 aliarum
1129 1234 1266 1280 atque
1296 1233 1482 1268 senatus
1510 1226 1713 1279 partium
1729 1235 1782 1264 10

146 1312 198 1354 15
221 1307 363 1350 erant,
405 1302 665 1343 conturbari
699 1314 793 1341 rem
823 1300 1053 1352 publicam
1085 1313 1222 1351 quam
1253 1299 1401 1338 minus
1450 1298 1598 1338 ualere
1628 1296 1712 1349 ipsi

218 1373 462 1413 malebant.
497 1373 544 1413 id
572 1373 684 1413 adeo
712 1371 883 1411 malum
910 1371 1079 1411 multos
1106 1375 1211 1422 post
1239 1383 1380 1410 annos
1407 1369 1453 1408 in
1478 1368 1714 1408 ciuitatem
1730 1377 1781 1406 11

218 1448 482 1484 reuorterat.
550 1457 657 1483 nam
710 1447 957 1495 postquam
1006 1441 1081 1482 Cn.
1120 1440 1336 1493 Pompeio
1373 1445 1419 1479 et
1452 1441 1511 1479 M.
1553 1438 1711 1479 Crasso
1733 1447 1784 1485 38

219 1514 476 1554 consulibus
507 1513 751 1554 tribunicia
782 1517 987 1565 potestas
1019 1512 1233 1552 restituta
1265 1516 1346 1557 est,
1381 1510 1586 1550 homines
1603 1509 1711 1549 adu-

219 1585 449 1632 lescentes,
488 1598 714 1625 summam
750 1588 1029 1636 potestatem
1081 1582 1217 1629 nacti,
1258 1581 1422 1633 quibus
1458 1585 1583 1620 aetas
1621 1579 1712 1619 3111-

149 1666 201 1696 20
224 1669 414 1707 musque
448 1655 575 1696 ferox
609 1659 719 1702 erat,
756 1667 940 1706 coepere
975 1657 1185 1693 senatum
1219 1651 1500 1692 criminando
1534 1650 1713 1703 plebem

219 1726 462 1777 exagitare,
504 1726 607 1766 dein
637 1724 867 1777 largiendo
899 1729 1036 1775 atque
1066 1723 1362 1776 pollicitando
1392 1721 1534 1773 magis
1564 1721 1712 1760 incen—

220 1796 336 1843 dere,
371 1796 437 1836 ita
468 1796 552 1849 ipsi
587 1796 692 1836 clari
725 1800 1027 1849 potentesque
1060 1793 1170 1834 fieri.
1237 1798 1395 1833 contra
1429 1806 1503 1832 eos
1536 1804 1715 1831 summa
1736 1801 1760 1830 2

316 1924 344 1945 1.
392 1916 436 1954 Cf
468 1917 594 1946 innect.
632 1917 668 1946 in
691 1916 778 1946 Sall.
802 1924 870 1957 51ss
891 1925 963 1955 quo
984 1914 1102 1944 01111115
1122 1913 1265 1943 sentina
1286 1911 1506 1952 reipublicae
1528 1910 1711 1940 confluxe-

220 1978 288 2004 rat.
313 1992 360 1996 —
381 1974 506 2015 Heges.
532 1975 589 2005 IV
614 1975 664 2013 6.3
689 1985 738 2005 eo-
754 1974 857 2015 quasi
880 1974 917 2004 111
941 1973 1123 2004 sentinam
1147 1971 1412 2002 confluxerant.

319 2035 370 2064 16.
426 2035 533 2065 Arus.
590 2034 664 2064 VII
695 2037 718 2074 p
750 2043 816 2074 497
847 2034 894 2064 Κ.
929 2033 1026 2073 ’post'
1058 2032 1352 2072 praepositionem
1384 2029 1580 2060 accusatz'ztz'
1610 2037 1711 2058 casus

221 2097 381 2123 asserunt
400 2094 543 2133 quidam
565 2094 805 2133 interpositam
825 2093 907 2130 sz'em'
926 2102 1026 2122 casus
1048 2092 1190 2122 alterins
1209 2108 1255 2111 —
1272 2107 1329 2119 -——.
1376 2089 1447 2119 Sal.
1470 2089 1566 2118 Bello
1589 2087 1713 2118 Catil..-

222 2151 358 2182 multos
387 2156 469 2192 post
500 2162 624 2183 annos.

319 2305 332 2326 1
374 2305 394 2325 a
425 2293 534 2324 domo
566 2305 589 2324 n
843 2303 862 2332 4
896 2291 997 2322 cultu
1017 2293 1128 2331 atque
1147 2289 1250 2320 uictu
1284 2301 1307 2320 n
1597 2287 1716 2318 uitam

226 2356 401 2395 (aetatem
418 2353 463 2392 ss)
502 2364 539 2383 m
789 2354 808 2381 6
829 2360 946 2381 merce
974 2350 1044 2381 M²e
1071 2348 1115 2379 de
1140 2359 1173 2379 ss
1204 2353 1347 2380 NKHD
1597 2356 1714 2376 merce

223 2422 401 2444 manuum
426 2424 443 2443 e
739 2410 960 2440 tolerauerat
986 2408 1132 2440 ex-abat
1157 2413 1184 2438 P
1207 2407 1454 2437 tolerauerant
1480 2411 1505 2436 T
1524 2407 1560 2445 (11
1582 2406 1669 2445 eras)
1698 2417 1715 2436 e

226 2473 263 2512 (n
283 2472 362 2512 exp)
559 2480 577 2510 7
603 2473 714 2510 atque
738 2471 775 2500 z'n
800 2480 855 2509 mg
901 2474 929 2499 B
1167 2466 1186 2496 8
1213 2466 1328 2496 labori
1353 2476 1393 2496 ex
1416 2475 1469 2495 -re
1498 2471 1526 2496 N

226 2541 263 2561 11
293 2530 468 2560 uictoriae
517 2535 544 2561 P
766 2538 807 2568 13
833 2537 920 2558 sane
944 2537 985 2558 ex
1011 2536 1101 2557 sana
1121 2525 1159 2557 P¹
1441 2524 1510 2554 alio
1529 2525 1592 2562 bis,
1613 2524 1716 2553 semel

224 2593 289 2630 exp
311 2594 345 2619 K
528 2597 568 2628 14
589 2573 743 2618 aliarum
761 2597 873 2628 quam
896 2586 1017 2618 NKM²
1035 2587 1160 2626 (atque
1182 2585 1227 2623 ss)
1247 2597 1347 2615 sume
1372 2589 1483 2624 atque
1505 2592 1580 2614 ems
1605 2591 1717 2622 quam

225 2659 258 2679 ss
284 2653 318 2680 Η
597 2656 636 2685 15
661 2647 754 2687 erat]
777 2655 801 2676 n
823 2655 857 2676 ss
883 2650 981 2676 PBH
1257 2646 1298 2674 16
1327 2643 1408 2673 ideo
1439 2642 1577 2672 malum
1607 2635 1648 2669 ‚Q‘
1679 2639 1717 2670 id

226 2707 366 2738 1113111111
396 2711 430 2737 Η
625 2708 708 2746 post
738 2705 874 2735 multos
907 2714 1021 2734 annos
1055 2704 1131 2734 P⁴D
1328 2702 1368 2732 18
1387 2700 1596 2732 consulibus
1613 2709 1646 2729 ss
1681 2703 1717 2730 K

463 2773 505 2795 20
524 2763 710 2794 crimando
745 2768 772 2794 P
934 2771 973 2793 21
1008 2762 1212 2803 pollicendo
1241 2773 1265 2791 n
1482 2758 1647 2789 incedere
1680 2758 1716 2796 (n

226 2821 274 2862 ss)
307 2830 334 2856 P
