2028 3261
301 214 354 254 52
785 212 822 241 C.
864 212 1083 244 SALLVSTI
1123 212 1274 242 CRISPI

245 330 268 372 5
293 333 391 360 aere
417 319 562 359 alieno
600 318 821 359 liberaret.
850 318 921 358 ille
946 331 1020 358 eos
1045 317 1089 357 in
1116 318 1302 357 domum
1328 319 1381 357 D.
1411 318 1541 357 Bruti
1566 318 1784 371 perducit,

294 390 416 443 quod
462 389 560 429 foro
606 388 862 441 propinqua
907 393 1004 428 erat
1054 401 1200 440 neque
1235 387 1381 428 aliena
1414 388 1569 428 consili
1603 393 1788 441 propter

243 461 269 501 6
292 460 622 513 Semproniam;
653 473 761 499 nam
790 464 891 499 tum
920 461 1090 498 Brutus
1120 458 1176 498 ab
1208 460 1355 498 Roma
1384 458 1554 498 aberat.
1590 464 1786 510 praeter-

295 545 347 572 ea
394 530 638 572 Gabinium
685 529 880 577 arcessit,
918 543 1007 581 quo
1040 528 1183 568 maior
1216 528 1464 569 auctoritas
1497 528 1689 569 sermoni
1722 528 1786 568 in-

294 609 423 643 esset.
490 615 542 641 eo
575 606 811 653 praesente
845 600 1206 640 coniurationem
1241 599 1398 651 aperit,
1435 598 1644 639 nominat
1678 598 1787 639 soci-
1810 608 1834 650 5

294 686 354 719 os,
415 676 647 725 praeterea
702 670 870 710 multos
928 670 1144 722 cuiusque
1199 669 1372 721 generis
1425 669 1647 717 innoxios,
1697 681 1787 721 quo

292 742 452 794 legatis
485 741 662 781 animus
685 740 876 793 amplior
900 747 1028 781 esset.
1058 740 1220 780 deinde
1250 754 1324 780 eos
1349 740 1572 792 pollicitos
1604 751 1787 792 operam

218 823 263 860 41
295 826 424 853 suam
479 811 668 851 domum
730 810 936 850 dimittit.
997 811 1073 851 sed
1119 810 1382 863 Allobroges
1428 810 1505 850 diu
1536 810 1584 850 in
1615 810 1786 850 incerto

245 895 267 924 2
291 883 502 929 habuere,
568 881 787 933 quidnam
848 880 1002 921 consili
1065 887 1290 934 caperent.
1362 881 1409 920 in
1463 882 1605 921 altera
1657 885 1788 933 parte

291 958 389 995 erat
414 966 487 993 aes
512 951 722 999 alienum,
749 950 954 991 studium
977 951 1095 998 belli,
1123 965 1289 1002 magna
1312 965 1480 991 merces
1503 951 1549 991 in
1574 965 1652 1004 spe
1692 951 1781 991 uic-
1804 960 1857 990 10

292 1024 446 1072 toriae;
476 1028 524 1063 at
548 1022 595 1062 in
621 1023 763 1062 altera
788 1021 980 1061 maiores
1005 1035 1125 1074 opes,
1153 1027 1258 1061 tuta
1283 1021 1480 1069 consilia,
1508 1035 1589 1074 pro
1614 1022 1787 1062 incerta

242 1108 267 1148 3
291 1109 368 1148 spe
406 1099 529 1135 certa
566 1092 779 1146 praemia.
850 1092 961 1132 haec
998 1092 1083 1132 illis
1121 1092 1413 1132 uoluentibus
1450 1092 1638 1132 tandem
1675 1091 1787 1132 uicit

242 1179 269 1219 4
290 1165 475 1206 fortuna
503 1163 564 1204 rei
593 1163 812 1216 publicae.
872 1163 1028 1215 itaque
1057 1164 1108 1215 Q.
1141 1162 1283 1203 Fabio
1311 1162 1499 1214 Sangae,
1531 1162 1657 1202 cuius
1685 1167 1785 1214 pat-

290 1235 460 1277 rocinio
481 1234 643 1275 ciuitas
676 1234 939 1286 plurumum
973 1234 1203 1281 utebatur,
1240 1246 1334 1273 rem
1369 1247 1550 1273 ornnem
1583 1232 1651 1272 uti
1686 1246 1785 1284 cog-

242 1317 266 1359 5
289 1310 525 1353 nouerant,
572 1304 793 1358 aperiunt.
869 1304 1020 1345 Cicero
1050 1317 1128 1358 per
1158 1304 1356 1356 Sangam
1386 1303 1570 1344 consilio
1601 1303 1782 1355 cognito
1803 1311 1855 1354 15

291 1376 451 1430 legatis
498 1375 731 1429 praecipit,
782 1380 834 1415 ut
869 1375 1072 1416 studium
1121 1374 1446 1415 coniurationis
1493 1374 1786 1414 uehementer

292 1447 519 1495 simulent,
556 1452 728 1487 ceteros
763 1445 944 1493 adeant,
980 1446 1094 1486 bene
1128 1445 1426 1498 polliceantur
1461 1445 1661 1496 dentque
1682 1457 1784 1497 ope-

293 1532 406 1566 ram,
438 1517 507 1558 uti
537 1531 612 1558 eos
643 1530 781 1569 quarn
812 1530 1026 1556 maxume
1057 1516 1324 1556 manifestos
1353 1515 1568 1556 habeant.

387 1647 416 1675 3.
464 1636 565 1666 Proh.
602 1636 659 1665 JV
691 1639 715 1677 p
738 1644 804 1674 150
826 1635 872 1666 Κ.
895 1645 989 1666 nunc
1011 1636 1070 1665 hoc
1092 1645 1282 1671 monemus,
1305 1635 1394 1674 quod
1413 1634 1517 1665 etiam
1540 1634 1598 1664 lzoc
1620 1637 1784 1674 praecep-

290 1701 364 1727 tum
397 1699 614 1736 superuaczte
645 1695 846 1725 institutum
877 1704 947 1725 esse
981 1695 1198 1730 inueniatur,
1231 1695 1402 1733 siquidem
1433 1696 1463 1723 et
1494 1696 1648 1723 auctores
1673 1694 1784 1724 isdem

291 1754 612 1796 praepositionibus
653 1756 709 1792 (se.
739 1753 781 1784 'a'
806 1757 835 1783 et
862 1753 935 1791 Ἐπ’)
979 1754 1054 1783 sine
1078 1754 1197 1792 aliqua
1221 1753 1423 1783 discretione
1448 1754 1602 1789 utantur,
1628 1755 1664 1782 ut
1687 1752 1784 1793 apud

292 1815 519 1846 Sallustium:
546 1822 631 1843 nam
658 1815 738 1842 tum
765 1814 900 1842 Brutus
931 1812 976 1842 ab
992 1813 1109 1842 Roma
1125 1812 1259 1842 aberat.
1276 1830 1322 1833 —
1337 1811 1532 1850 Eademque
1547 1810 1650 1841 uerba
1664 1812 1782 1851 paullo

291 1873 387 1911 infra
410 1875 619 1913 repetuntur.
642 1890 689 1893 —
711 1872 802 1911 Serg.
827 1871 884 1901 It'
905 1875 928 1912 ρ
952 1879 1017 1908 511
1040 1871 1086 1901 Κ.
1110 1872 1168 1901 sed
1189 1871 1341 1911 plerique
1363 1869 1564 1900 *nominibus
1599 1870 1782 1900 ciuitatum

290 1933 481 1963 <iunxerunt
514 1931 788 1971 praepositiones
807 1948 855 1952 --
871 1948 918 1952 —-—
934 1948 981 1973 'f
998 1934 1027 1960 et
1046 1930 1084 1961 de
1104 1931 1184 1964 loco,
1206 1933 1242 1960 ut
1263 1929 1470 1960 Sallustius:
1490 1938 1575 1958 nam
1595 1931 1674 1958 turn
1694 1929 1782 1958 Bru-

292 1994 352 2021 tus
377 1991 423 2021 ab
450 1991 568 2020 Roma
593 1989 731 2020 aberat.
757 2007 804 2011 —
827 1989 940 2019 Prisc.
968 1989 1035 2019 III
1060 1993 1083 2029 p
1110 1988 1151 2018 66
1177 1989 1223 2019 Κ.
1252 1988 1486 2018 inueniuntur
1509 1991 1625 2018 tamen
1649 1990 1678 2017 et
1702 1997 1781 2017 cum

291 2049 614 2091 praepositionibus
645 2049 790 2079 nomina
821 2049 1021 2079 cz'ztz'tatz'mn
1053 2052 1154 2088 saepe
1185 2048 1332 2088 prolata,
1364 2050 1393 2076 et
1424 2047 1573 2077 maxime
1605 2047 1701 2086 apud
1730 2046 1783 2076 Izi-

291 2109 442 2139 storz'cos.
467 2126 513 2130 -—-
533 2126 579 2130 —
600 2126 655 2137 —.
700 2107 889 2138 Sallustius
914 2108 948 2137 in
974 2108 1204 2138 Catilinam'o:
1227 2116 1312 2136 nam
1335 2109 1414 2135 tum
1438 2106 1573 2135 Brutus
1595 2104 1641 2135 ab
1665 2106 1783 2135 Roma

292 2168 429 2198 aberat.

389 2306 401 2326 1
427 2298 469 2327 D.
491 2300 613 2337 pmcn.
644 2306 696 2325 om
721 2301 730 2326 l
980 2305 997 2333 3
1021 2295 1066 2325 ab
1089 2305 1141 2324 om
1166 2288 1208 2323 {2'
1232 2304 1264 2324 55
1291 2298 1354 2324 BD
1609 2302 1731 2322 romae
1755 2297 1782 2323 P

495 2367 512 2394 4
543 2354 718 2395 gabinum
742 2360 770 2385 Β
794 2344 823 2391 >(1
849 2355 894 2385 551
926 2366 942 2385 e
1170 2352 1319 2382 arccscit
1349 2357 1374 2382 P
1401 2351 1548 2381 arcersit
1578 2351 1700 2382 P¹P²H
1728 2360 1780 2381 ar-

292 2414 398 2445 cessit
430 2415 604 2445 xlmlsslse
656 2413 805 2444 accessit
822 2425 844 2443 n
860 2412 1010 2443 accersit
1026 2413 1085 2442 zell
1103 2414 1193 2449 (cccr
1210 2412 1244 2441 sn
1263 2421 1318 2441 ras
1338 2411 1439 2449 uulgo
1458 2414 1496 2447 R)
1761 2418 1778 2447 5

292 2477 384 2503 essct
410 2472 520 2509 (11155)
547 2479 573 2504 P
802 2482 817 2510 7
846 2471 973 2511 legatis
998 2482 1052 2502 ex-
1080 2474 1139 2500 tus
1167 2476 1193 2501 P
1473 2469 1586 2499 maior
1615 2468 1782 2509 (amplior

291 2535 336 2571 55)
370 2532 409 2562 P⁴
436 2532 588 2575 amplior
614 2542 666 2561 om
697 2536 729 2561 H
768 2530 882 2561 maior
912 2530 968 2560 uel
998 2529 1150 2570 amplior
1178 2540 1210 2559 ss
1245 2534 1273 2559 D
1305 2528 1457 2568 amplior
1487 2527 1628 2558 animus
1657 2533 1724 2558 MF

481 2590 612 2620 inesset
644 2584 750 2621 114J''5
952 2588 1080 2619 deinde
1104 2588 1183 2618 illos
1227 2600 1248 2618 n
1462 2587 1481 2616 S
1506 2585 1620 2616 diuini
1643 2586 1781 2616 incerto

294 2655 320 2681 P
344 2649 406 2679 diu
421 2649 558 2679 incerto
577 2649 625 2687 (111
641 2654 685 2682 ss)
710 2654 781 2679 Hm
819 2648 880 2678 diu
895 2648 1074 2678 incertum
1094 2642 1149 2679 Μ2
1170 2646 1231 2676 diu
1252 2646 1286 2676 in
1307 2646 1486 2676 incertum
1522 2651 1589 2676 ΜΕ
1634 2683 1653 2699 u

295 2718 335 2739 10
356 2711 433 2739 erat
453 2718 486 2740 ss
522 2713 547 2739 P
743 2716 780 2737 12
807 2711 947 2737 certum
971 2705 1173 2747 praemium
1221 2711 1332 2736 Tnme
1570 2703 1780 2734 uolentibus

294 2768 366 2798 P¹B
647 2762 710 2812 11111
739 2766 786 2796 cit
810 2768 846 2805 (11
865 2773 951 2799 eras)
980 2771 1005 2796 Ρ
1274 2774 1312 2802 13
1340 2763 1390 2793 ita
1411 2773 1444 2803 q.
1469 2764 1552 2803 (que
1575 2764 1626 2793 uel
1648 2764 1688 2802 Q.
1711 2763 1775 2797 om)

291 2827 388 2864 21⁴²y¹n
592 2827 632 2855 16
653 2825 837 2865 praecepit
868 2819 909 2853 „Q”
