<?xml version="1.0" encoding="UTF-8"?>
<!DOCTYPE html PUBLIC "-//W3C//DTD XHTML 1.0 Transitional//EN"
    "http://www.w3.org/TR/xhtml1/DTD/xhtml1-transitional.dtd">
<html xmlns="http://www.w3.org/1999/xhtml" xml:lang="en" lang="en">
 <head>
  <title>
</title>
<meta http-equiv="Content-Type" content="text/html;charset=utf-8" />
  <meta name='ocr-system' content='tesseract 3.04.00' />
  <meta name='ocr-capabilities' content='ocr_page ocr_carea ocr_par ocr_line ocrx_word'/>
</head>
<body>
  <div class='ocr_page' id='page_1' title='image "./coniuratiocatili00salluoft_0054.png"; bbox 0 0 2028 3261; ppageno 0'>
   <div class='ocr_carea' id='block_1_1' title="bbox 331 209 1861 270">
    <p class='ocr_par' dir='ltr' id='par_1_1' title="bbox 331 209 1861 270">
     <span class='ocr_line' id='line_1_1' title="bbox 331 209 1861 270; baseline -0.001 -30"><span class='ocrx_word' id='word_1_1' title='bbox 331 212 385 252; x_wconf 75' lang='lat'>40</span> <span class='ocrx_word' id='word_1_2' title='bbox 829 210 853 239; x_wconf 91' lang='lat' dir='ltr'>C</span> <span class='ocrx_word' id='word_1_3' title='bbox 860 232 866 239; x_wconf 89' lang='lat'>.</span> <span class='ocrx_word' id='word_1_4' title='bbox 902 209 1121 243; x_wconf 79' lang='lat' dir='ltr'>SALLVSTI</span> <span class='ocrx_word' id='word_1_5' title='bbox 1155 209 1305 240; x_wconf 87' lang='lat' dir='ltr'>CRISPI</span> <span class='ocrx_word' id='word_1_6' title='bbox 1837 249 1861 270; x_wconf 65' lang='grc'><strong>.</strong></span> 
     </span>
    </p>
   </div>
   <div class='ocr_carea' id='block_1_2' title="bbox 268 315 1886 1290">
    <p class='ocr_par' dir='ltr' id='par_1_2' title="bbox 268 315 1886 1290">
     <span class='ocr_line' id='line_1_2' title="bbox 319 315 1814 370; baseline 0.001 -12"><span class='ocrx_word' id='word_1_7' title='bbox 319 317 544 366; x_wconf 85' lang='lat' dir='ltr'>recitauit,</span> <span class='ocrx_word' id='word_1_8' title='bbox 589 330 701 369; x_wconf 90' lang='lat' dir='ltr'>quas</span> <span class='ocrx_word' id='word_1_9' title='bbox 742 316 942 357; x_wconf 80' lang='lat' dir='ltr'>Faesulis</span> <span class='ocrx_word' id='word_1_10' title='bbox 983 315 1160 356; x_wconf 89' lang='lat' dir='ltr'>adlatas</span> <span class='ocrx_word' id='word_1_11' title='bbox 1201 315 1284 355; x_wconf 87' lang='lat' dir='ltr'>sibi</span> <span class='ocrx_word' id='word_1_12' title='bbox 1326 315 1520 364; x_wconf 87' lang='lat' dir='ltr'>dicebat,</span> <span class='ocrx_word' id='word_1_13' title='bbox 1562 317 1609 357; x_wconf 92' lang='lat' dir='ltr'>in</span> <span class='ocrx_word' id='word_1_14' title='bbox 1649 318 1814 370; x_wconf 90' lang='lat' dir='ltr'>quibus</span> 
     </span>
     <span class='ocr_line' id='line_1_3' title="bbox 315 385 1814 441; baseline 0 -12"><span class='ocrx_word' id='word_1_15' title='bbox 315 389 535 441; x_wconf 89' lang='lat' dir='ltr'>scriptum</span> <span class='ocrx_word' id='word_1_16' title='bbox 565 393 663 428; x_wconf 89' lang='lat' dir='ltr'>erat</span> <span class='ocrx_word' id='word_1_17' title='bbox 693 387 737 429; x_wconf 87' lang='lat' dir='ltr'>C.</span> <span class='ocrx_word' id='word_1_18' title='bbox 770 387 990 427; x_wconf 87' lang='lat' dir='ltr'>Manlium</span> <span class='ocrx_word' id='word_1_19' title='bbox 1021 400 1147 426; x_wconf 89' lang='lat' dir='ltr'>arma</span> <span class='ocrx_word' id='word_1_20' title='bbox 1177 385 1344 438; x_wconf 80' lang='lat' dir='ltr'><strong>cepisse</strong></span> <span class='ocrx_word' id='word_1_21' title='bbox 1374 399 1478 426; x_wconf 89' lang='lat' dir='ltr'>cum</span> <span class='ocrx_word' id='word_1_22' title='bbox 1508 400 1672 439; x_wconf 86' lang='lat' dir='ltr'>magna</span> <span class='ocrx_word' id='word_1_23' title='bbox 1702 389 1814 429; x_wconf 89' lang='lat' dir='ltr'>mul-</span> 
     </span>
     <span class='ocr_line' id='line_1_4' title="bbox 268 456 1814 510; baseline -0.001 -10"><span class='ocrx_word' id='word_1_24' title='bbox 268 473 292 503; x_wconf 87' lang='lat'><em>2</em></span> <span class='ocrx_word' id='word_1_25' title='bbox 316 459 514 500; x_wconf 78' lang='lat' dir='ltr'>titudine</span> <span class='ocrx_word' id='word_1_26' title='bbox 555 464 661 499; x_wconf 90' lang='lat' dir='ltr'>ante</span> <span class='ocrx_word' id='word_1_27' title='bbox 702 458 821 499; x_wconf 88' lang='lat' dir='ltr'>diem</span> <span class='ocrx_word' id='word_1_28' title='bbox 860 459 924 498; x_wconf 65' lang='lat' dir='ltr'>VI</span> <span class='ocrx_word' id='word_1_29' title='bbox 965 456 1182 510; x_wconf 82' lang='lat' dir='ltr'>kalendas</span> <span class='ocrx_word' id='word_1_30' title='bbox 1220 456 1506 497; x_wconf 82' lang='lat' dir='ltr'>Nouembris.</span> <span class='ocrx_word' id='word_1_31' title='bbox 1579 457 1725 506; x_wconf 88' lang='lat' dir='ltr'>simul,</span> <span class='ocrx_word' id='word_1_32' title='bbox 1767 458 1814 499; x_wconf 91' lang='lat' dir='ltr'>id</span> 
     </span>
     <span class='ocr_line' id='line_1_5' title="bbox 318 526 1814 583; baseline 0 -13"><span class='ocrx_word' id='word_1_33' title='bbox 318 530 441 583; x_wconf 87' lang='lat' dir='ltr'>quod</span> <span class='ocrx_word' id='word_1_34' title='bbox 468 529 514 569; x_wconf 91' lang='lat' dir='ltr'>in</span> <span class='ocrx_word' id='word_1_35' title='bbox 543 530 624 570; x_wconf 89' lang='lat' dir='ltr'>tali</span> <span class='ocrx_word' id='word_1_36' title='bbox 653 543 698 569; x_wconf 88' lang='lat' dir='ltr'>re</span> <span class='ocrx_word' id='word_1_37' title='bbox 727 529 854 573; x_wconf 85' lang='lat' dir='ltr'>solet,</span> <span class='ocrx_word' id='word_1_38' title='bbox 887 527 959 568; x_wconf 88' lang='lat' dir='ltr'>alii</span> <span class='ocrx_word' id='word_1_39' title='bbox 988 533 1203 581; x_wconf 87' lang='lat' dir='ltr'>portenta</span> <span class='ocrx_word' id='word_1_40' title='bbox 1232 532 1370 579; x_wconf 87' lang='lat' dir='ltr'>atque</span> <span class='ocrx_word' id='word_1_41' title='bbox 1398 526 1604 580; x_wconf 83' lang='lat' dir='ltr'>prodigia</span> <span class='ocrx_word' id='word_1_42' title='bbox 1631 529 1814 570; x_wconf 88' lang='lat' dir='ltr'>nuntia-</span> 
     </span>
     <span class='ocr_line' id='line_1_6' title="bbox 317 597 1858 653; baseline -0.002 -11"><span class='ocrx_word' id='word_1_43' title='bbox 317 601 444 647; x_wconf 87' lang='lat' dir='ltr'>bant,</span> <span class='ocrx_word' id='word_1_44' title='bbox 493 599 565 640; x_wconf 89' lang='lat' dir='ltr'>alii</span> <span class='ocrx_word' id='word_1_45' title='bbox 595 606 848 641; x_wconf 87' lang='lat' dir='ltr'>conuentus</span> <span class='ocrx_word' id='word_1_46' title='bbox 876 598 987 646; x_wconf 71' lang='lat' dir='ltr'>fieri,</span> <span class='ocrx_word' id='word_1_47' title='bbox 1020 612 1145 638; x_wconf 86' lang='lat' dir='ltr'>arma</span> <span class='ocrx_word' id='word_1_48' title='bbox 1173 597 1358 651; x_wconf 85' lang='lat' dir='ltr'>portari,</span> <span class='ocrx_word' id='word_1_49' title='bbox 1391 597 1571 651; x_wconf 85' lang='lat' dir='ltr'>Capuae</span> <span class='ocrx_word' id='word_1_50' title='bbox 1601 603 1739 650; x_wconf 88' lang='lat' dir='ltr'>atque</span> <span class='ocrx_word' id='word_1_51' title='bbox 1767 599 1815 639; x_wconf 94' lang='lat' dir='ltr'>in</span> <span class='ocrx_word' id='word_1_52' title='bbox 1835 611 1858 653; x_wconf 85' lang='lat'><strong>5</strong></span> 
     </span>
     <span class='ocr_line' id='line_1_7' title="bbox 270 668 1810 726; baseline -0.001 -15"><span class='ocrx_word' id='word_1_53' title='bbox 270 684 295 726; x_wconf 78' lang='lat'>3</span> <span class='ocrx_word' id='word_1_54' title='bbox 318 670 483 724; x_wconf 79' lang='lat' dir='ltr'>Apulia</span> <span class='ocrx_word' id='word_1_55' title='bbox 522 670 680 711; x_wconf 79' lang='lat' dir='ltr'>seruile</span> <span class='ocrx_word' id='word_1_56' title='bbox 718 670 887 710; x_wconf 88' lang='lat' dir='ltr'>bellum</span> <span class='ocrx_word' id='word_1_57' title='bbox 925 669 1108 710; x_wconf 86' lang='lat' dir='ltr'>moueri.</span> <span class='ocrx_word' id='word_1_58' title='bbox 1178 668 1315 721; x_wconf 82' lang='lat' dir='ltr'>igitur</span> <span class='ocrx_word' id='word_1_59' title='bbox 1353 668 1498 710; x_wconf 87' lang='lat' dir='ltr'>senati</span> <span class='ocrx_word' id='word_1_60' title='bbox 1537 668 1720 710; x_wconf 87' lang='lat' dir='ltr'>decreto</span> <span class='ocrx_word' id='word_1_61' title='bbox 1759 670 1810 722; x_wconf 80' lang='lat' dir='ltr'>Q.</span> 
     </span>
     <span class='ocr_line' id='line_1_8' title="bbox 317 738 1814 792; baseline -0.001 -11"><span class='ocrx_word' id='word_1_62' title='bbox 317 740 512 782; x_wconf 79' lang='lat' dir='ltr'>Marcius</span> <span class='ocrx_word' id='word_1_63' title='bbox 549 742 649 780; x_wconf 78' lang='lat' dir='ltr'>Rex</span> <span class='ocrx_word' id='word_1_64' title='bbox 683 740 910 787; x_wconf 79' lang='lat' dir='ltr'>Faesulas,</span> <span class='ocrx_word' id='word_1_65' title='bbox 949 741 1000 792; x_wconf 75' lang='lat' dir='ltr'>Q.</span> <span class='ocrx_word' id='word_1_66' title='bbox 1038 739 1247 779; x_wconf 76' lang='lat' dir='ltr'>Metellus</span> <span class='ocrx_word' id='word_1_67' title='bbox 1283 739 1484 780; x_wconf 82' lang='lat' dir='ltr'>Creticus</span> <span class='ocrx_word' id='word_1_68' title='bbox 1518 738 1564 780; x_wconf 92' lang='lat' dir='ltr'>in</span> <span class='ocrx_word' id='word_1_69' title='bbox 1599 739 1814 792; x_wconf 87' lang='lat' dir='ltr'>Apuliam</span> 
     </span>
     <span class='ocr_line' id='line_1_9' title="bbox 271 808 1814 866; baseline -0.001 -14"><span class='ocrx_word' id='word_1_70' title='bbox 271 826 298 866; x_wconf 90' lang='lat'>4</span> <span class='ocrx_word' id='word_1_71' title='bbox 320 811 579 863; x_wconf 84' lang='lat' dir='ltr'>circumque</span> <span class='ocrx_word' id='word_1_72' title='bbox 605 824 658 854; x_wconf 86' lang='lat' dir='ltr'>ea</span> <span class='ocrx_word' id='word_1_73' title='bbox 682 810 781 851; x_wconf 92' lang='lat' dir='ltr'>loca</span> <span class='ocrx_word' id='word_1_74' title='bbox 806 809 928 850; x_wconf 89' lang='lat' dir='ltr'>missi</span> <span class='ocrx_word' id='word_1_75' title='bbox 958 808 1018 860; x_wconf 85' lang='lat' dir='ltr'>(hi</span> <span class='ocrx_word' id='word_1_76' title='bbox 1043 809 1225 862; x_wconf 86' lang='lat' dir='ltr'>utrique</span> <span class='ocrx_word' id='word_1_77' title='bbox 1251 810 1309 851; x_wconf 88' lang='lat' dir='ltr'>ad</span> <span class='ocrx_word' id='word_1_78' title='bbox 1334 809 1493 850; x_wconf 87' lang='lat' dir='ltr'>urbem</span> <span class='ocrx_word' id='word_1_79' title='bbox 1518 808 1814 862; x_wconf 83' lang='lat' dir='ltr'>imperatores</span> 
     </span>
     <span class='ocr_line' id='line_1_10' title="bbox 320 879 1810 934; baseline -0.001 -11"><span class='ocrx_word' id='word_1_80' title='bbox 320 887 464 930; x_wconf 89' lang='lat' dir='ltr'>erant,</span> <span class='ocrx_word' id='word_1_81' title='bbox 513 881 719 934; x_wconf 87' lang='lat' dir='ltr'>inpediti,</span> <span class='ocrx_word' id='word_1_82' title='bbox 769 894 824 920; x_wconf 93' lang='lat' dir='ltr'>ne</span> <span class='ocrx_word' id='word_1_83' title='bbox 872 879 1222 933; x_wconf 85' lang='lat' dir='ltr'>triumpharent,</span> <span class='ocrx_word' id='word_1_84' title='bbox 1273 880 1499 921; x_wconf 88' lang='lat' dir='ltr'>calumnia</span> <span class='ocrx_word' id='word_1_85' title='bbox 1546 894 1810 934; x_wconf 87' lang='lat' dir='ltr'>paucorum,</span> 
     </span>
     <span class='ocr_line' id='line_1_11' title="bbox 319 950 1886 1006; baseline 0 -12"><span class='ocrx_word' id='word_1_86' title='bbox 319 953 484 1006; x_wconf 88' lang='lat' dir='ltr'>quibus</span> <span class='ocrx_word' id='word_1_87' title='bbox 510 952 663 993; x_wconf 89' lang='lat' dir='ltr'>omnia</span> <span class='ocrx_word' id='word_1_88' title='bbox 688 951 879 992; x_wconf 91' lang='lat' dir='ltr'>honesta</span> <span class='ocrx_word' id='word_1_89' title='bbox 906 955 1044 1002; x_wconf 89' lang='lat' dir='ltr'>atque</span> <span class='ocrx_word' id='word_1_90' title='bbox 1069 950 1310 991; x_wconf 84' lang='lat' dir='ltr'>inhonesta</span> <span class='ocrx_word' id='word_1_91' title='bbox 1334 951 1528 991; x_wconf 88' lang='lat' dir='ltr'>uendere</span> <span class='ocrx_word' id='word_1_92' title='bbox 1554 965 1652 992; x_wconf 90' lang='lat' dir='ltr'>mos</span> <span class='ocrx_word' id='word_1_93' title='bbox 1677 950 1807 1003; x_wconf 89' lang='lat' dir='ltr'>erat),</span> <span class='ocrx_word' id='word_1_94' title='bbox 1832 963 1886 994; x_wconf 90' lang='lat'>10</span> 
     </span>
     <span class='ocr_line' id='line_1_12' title="bbox 271 1020 1814 1078; baseline -0.001 -13"><span class='ocrx_word' id='word_1_95' title='bbox 271 1035 295 1078; x_wconf 86' lang='lat'><strong>5</strong></span> <span class='ocrx_word' id='word_1_96' title='bbox 318 1024 396 1065; x_wconf 87' lang='lat' dir='ltr'>sed</span> <span class='ocrx_word' id='word_1_97' title='bbox 432 1027 663 1078; x_wconf 86' lang='lat' dir='ltr'>praetores</span> <span class='ocrx_word' id='word_1_98' title='bbox 700 1024 751 1075; x_wconf 76' lang='lat' dir='ltr'>Q.</span> <span class='ocrx_word' id='word_1_99' title='bbox 792 1021 1035 1074; x_wconf 90' lang='lat' dir='ltr'>Pompeius</span> <span class='ocrx_word' id='word_1_100' title='bbox 1073 1020 1220 1061; x_wconf 79' lang='lat' dir='ltr'>Rufus</span> <span class='ocrx_word' id='word_1_101' title='bbox 1257 1020 1473 1073; x_wconf 84' lang='lat' dir='ltr'>Capuam,</span> <span class='ocrx_word' id='word_1_102' title='bbox 1513 1022 1564 1074; x_wconf 75' lang='lat' dir='ltr'>Q.</span> <span class='ocrx_word' id='word_1_103' title='bbox 1603 1023 1814 1063; x_wconf 84' lang='lat' dir='ltr'>Metellus</span> 
     </span>
     <span class='ocr_line' id='line_1_13' title="bbox 320 1091 1814 1146; baseline -0.001 -10"><span class='ocrx_word' id='word_1_104' title='bbox 320 1095 444 1137; x_wconf 92' lang='lat' dir='ltr'>Celer</span> <span class='ocrx_word' id='word_1_105' title='bbox 473 1095 520 1135; x_wconf 89' lang='lat' dir='ltr'>in</span> <span class='ocrx_word' id='word_1_106' title='bbox 551 1107 709 1146; x_wconf 84' lang='lat' dir='ltr'>agrum</span> <span class='ocrx_word' id='word_1_107' title='bbox 740 1092 969 1139; x_wconf 87' lang='lat' dir='ltr'>Picenum,</span> <span class='ocrx_word' id='word_1_108' title='bbox 1002 1091 1146 1144; x_wconf 89' lang='lat' dir='ltr'>iisque</span> <span class='ocrx_word' id='word_1_109' title='bbox 1175 1091 1458 1144; x_wconf 88' lang='lat' dir='ltr'>permissum,</span> <span class='ocrx_word' id='word_1_110' title='bbox 1491 1091 1558 1132; x_wconf 91' lang='lat' dir='ltr'>uti</span> <span class='ocrx_word' id='word_1_111' title='bbox 1589 1105 1671 1145; x_wconf 91' lang='lat' dir='ltr'>pro</span> <span class='ocrx_word' id='word_1_112' title='bbox 1700 1098 1814 1134; x_wconf 87' lang='lat' dir='ltr'>tem-</span> 
     </span>
     <span class='ocr_line' id='line_1_14' title="bbox 268 1162 1814 1220; baseline -0.003 -11"><span class='ocrx_word' id='word_1_113' title='bbox 268 1165 296 1209; x_wconf 83' lang='lat'><strong>6</strong></span> <span class='ocrx_word' id='word_1_114' title='bbox 317 1179 426 1220; x_wconf 90' lang='lat' dir='ltr'>pore</span> <span class='ocrx_word' id='word_1_115' title='bbox 468 1170 606 1216; x_wconf 89' lang='lat' dir='ltr'>atque</span> <span class='ocrx_word' id='word_1_116' title='bbox 646 1163 845 1217; x_wconf 86' lang='lat' dir='ltr'>periculo</span> <span class='ocrx_word' id='word_1_117' title='bbox 887 1162 1137 1203; x_wconf 80' lang='lat' dir='ltr'>exercitum</span> <span class='ocrx_word' id='word_1_118' title='bbox 1179 1166 1492 1215; x_wconf 84' lang='lat' dir='ltr'>conpararent;</span> <span class='ocrx_word' id='word_1_119' title='bbox 1538 1162 1596 1202; x_wconf 91' lang='lat' dir='ltr'>ad</span> <span class='ocrx_word' id='word_1_120' title='bbox 1636 1162 1734 1211; x_wconf 91' lang='lat' dir='ltr'>hoc,</span> <span class='ocrx_word' id='word_1_121' title='bbox 1779 1164 1814 1205; x_wconf 88' lang='lat' dir='ltr'>si</span> 
     </span>
     <span class='ocr_line' id='line_1_15' title="bbox 320 1233 1814 1290; baseline -0.002 -13"><span class='ocrx_word' id='word_1_122' title='bbox 320 1237 420 1290; x_wconf 89' lang='lat' dir='ltr'>quis</span> <span class='ocrx_word' id='word_1_123' title='bbox 447 1234 741 1276; x_wconf 85' lang='lat' dir='ltr'>indicauisset</span> <span class='ocrx_word' id='word_1_124' title='bbox 770 1234 824 1274; x_wconf 89' lang='lat' dir='ltr'>de</span> <span class='ocrx_word' id='word_1_125' title='bbox 854 1233 1178 1281; x_wconf 85' lang='lat' dir='ltr'>coniuratione,</span> <span class='ocrx_word' id='word_1_126' title='bbox 1213 1246 1328 1285; x_wconf 86' lang='lat' dir='ltr'>quae</span> <span class='ocrx_word' id='word_1_127' title='bbox 1357 1237 1517 1273; x_wconf 83' lang='lat' dir='ltr'>contra</span> <span class='ocrx_word' id='word_1_128' title='bbox 1545 1246 1640 1274; x_wconf 88' lang='lat' dir='ltr'>rem</span> <span class='ocrx_word' id='word_1_129' title='bbox 1668 1233 1814 1287; x_wconf 90' lang='lat' dir='ltr'>publi-</span> 
     </span>
    </p>
   </div>
   <div class='ocr_carea' id='block_1_3' title="bbox 317 1351 1814 2161">
    <p class='ocr_par' dir='ltr' id='par_1_3' title="bbox 318 1351 1814 1512">
     <span class='ocr_line' id='line_1_16' title="bbox 412 1351 1814 1396; baseline -0.002 -9"><span class='ocrx_word' id='word_1_130' title='bbox 412 1358 444 1387; x_wconf 81' lang='lat'>6.</span> <span class='ocrx_word' id='word_1_131' title='bbox 493 1355 587 1386; x_wconf 74' lang='lat' dir='ltr'>Non.</span> <span class='ocrx_word' id='word_1_132' title='bbox 612 1359 636 1395; x_wconf 74' lang='lat' dir='ltr'>p</span> <span class='ocrx_word' id='word_1_133' title='bbox 661 1355 774 1396; x_wconf 71' lang='lat'><em>484.13</em></span> <span class='ocrx_word' id='word_1_134' title='bbox 798 1354 852 1384; x_wconf 64' lang='lat' dir='ltr'>JI.</span> <span class='ocrx_word' id='word_1_135' title='bbox 881 1352 1015 1384; x_wconf 75' lang='lat' dir='ltr'>&#39;senati&#39;</span> <span class='ocrx_word' id='word_1_136' title='bbox 1041 1353 1096 1383; x_wconf 78' lang='lat' dir='ltr'>uel</span> <span class='ocrx_word' id='word_1_137' title='bbox 1122 1351 1301 1383; x_wconf 80' lang='lat' dir='ltr'>&#39;senatuis’</span> <span class='ocrx_word' id='word_1_138' title='bbox 1325 1356 1388 1392; x_wconf 73' lang='lat' dir='ltr'>pro</span> <span class='ocrx_word' id='word_1_139' title='bbox 1411 1355 1552 1383; x_wconf 82' lang='lat' dir='ltr'>senatus</span> <span class='ocrx_word' id='word_1_140' title='bbox 1586 1370 1634 1375; x_wconf 91' lang='lat'>--</span> <span class='ocrx_word' id='word_1_141' title='bbox 1654 1370 1702 1375; x_wconf 85' lang='lat'><strong>—</strong></span> <span class='ocrx_word' id='word_1_142' title='bbox 1736 1353 1814 1384; x_wconf 81' lang='lat' dir='ltr'>Sal-</span> 
     </span>
     <span class='ocr_line' id='line_1_17' title="bbox 318 1410 1811 1452; baseline -0.003 -5"><span class='ocrx_word' id='word_1_143' title='bbox 318 1416 447 1447; x_wconf 72' lang='lat' dir='ltr'>Iustius</span> <span class='ocrx_word' id='word_1_144' title='bbox 472 1414 650 1445; x_wconf 76' lang='lat' dir='ltr'>Catilinae</span> <span class='ocrx_word' id='word_1_145' title='bbox 673 1413 790 1443; x_wconf 78' lang='lat' dir='ltr'>Bello:</span> <span class='ocrx_word' id='word_1_146' title='bbox 836 1411 946 1452; x_wconf 85' lang='lat' dir='ltr'>igitur</span> <span class='ocrx_word' id='word_1_147' title='bbox 968 1410 1086 1442; x_wconf 86' lang='lat' dir='ltr'>senati</span> <span class='ocrx_word' id='word_1_148' title='bbox 1110 1410 1255 1442; x_wconf 88' lang='lat' dir='ltr'>decreto</span> <span class='ocrx_word' id='word_1_149' title='bbox 1279 1412 1319 1451; x_wconf 77' lang='lat' dir='ltr'>Q.</span> <span class='ocrx_word' id='word_1_150' title='bbox 1344 1410 1502 1442; x_wconf 82' lang='lat' dir='ltr'>Marcius</span> <span class='ocrx_word' id='word_1_151' title='bbox 1526 1412 1605 1441; x_wconf 81' lang='lat' dir='ltr'>Rex</span> <span class='ocrx_word' id='word_1_152' title='bbox 1628 1412 1811 1451; x_wconf 84' lang='lat' dir='ltr'>Faesulas,</span> 
     </span>
     <span class='ocr_line' id='line_1_18' title="bbox 319 1468 1473 1512; baseline -0.004 -6"><span class='ocrx_word' id='word_1_153' title='bbox 319 1468 356 1507; x_wconf 67' lang='lat' dir='ltr'>ffr</span> <span class='ocrx_word' id='word_1_154' title='bbox 375 1473 516 1505; x_wconf 85' lang='lat' dir='ltr'>Tullius</span> <span class='ocrx_word' id='word_1_155' title='bbox 537 1472 700 1504; x_wconf 83' lang='lat' dir='ltr'>Creticus</span> <span class='ocrx_word' id='word_1_156' title='bbox 720 1471 757 1501; x_wconf 91' lang='lat' dir='ltr'>in</span> <span class='ocrx_word' id='word_1_157' title='bbox 778 1470 951 1512; x_wconf 81' lang='lat' dir='ltr'>Apuliam</span> <span class='ocrx_word' id='word_1_158' title='bbox 972 1471 1179 1511; x_wconf 87' lang='lat' dir='ltr'>circumque</span> <span class='ocrx_word' id='word_1_159' title='bbox 1201 1480 1242 1500; x_wconf 88' lang='lat' dir='ltr'>ea</span> <span class='ocrx_word' id='word_1_160' title='bbox 1264 1470 1342 1500; x_wconf 89' lang='lat' dir='ltr'>loca</span> <span class='ocrx_word' id='word_1_161' title='bbox 1363 1469 1473 1501; x_wconf 88' lang='lat' dir='ltr'>missi.</span> 
     </span>
    </p>

    <p class='ocr_par' dir='ltr' id='par_1_4' title="bbox 317 1528 1814 2161">
     <span class='ocr_line' id='line_1_19' title="bbox 413 1528 1809 1570; baseline -0.001 -8"><span class='ocrx_word' id='word_1_162' title='bbox 413 1532 445 1564; x_wconf 87' lang='grc'>8.</span> <span class='ocrx_word' id='word_1_163' title='bbox 491 1533 589 1563; x_wconf 80' lang='lat' dir='ltr'>Seru.</span> <span class='ocrx_word' id='word_1_164' title='bbox 611 1531 745 1561; x_wconf 77' lang='lat' dir='ltr'>Honor.</span> <span class='ocrx_word' id='word_1_165' title='bbox 768 1530 825 1560; x_wconf 70' lang='lat' dir='ltr'>IIv</span> <span class='ocrx_word' id='word_1_166' title='bbox 844 1534 868 1570; x_wconf 74' lang='lat' dir='ltr'>p</span> <span class='ocrx_word' id='word_1_167' title='bbox 889 1539 955 1569; x_wconf 71' lang='lat'>419</span> <span class='ocrx_word' id='word_1_168' title='bbox 976 1530 1022 1560; x_wconf 76' lang='lat' dir='ltr'>K.</span> <span class='ocrx_word' id='word_1_169' title='bbox 1047 1529 1103 1560; x_wconf 84' lang='lat' dir='ltr'>’ad</span> <span class='ocrx_word' id='word_1_170' title='bbox 1121 1529 1235 1567; x_wconf 74' lang='lat' dir='ltr'>forum</span> <span class='ocrx_word' id='word_1_171' title='bbox 1257 1528 1372 1559; x_wconf 72' lang='lat' dir='ltr'>uenz&#39;o&#39;</span> <span class='ocrx_word' id='word_1_172' title='bbox 1393 1532 1440 1559; x_wconf 72' lang='lat' dir='ltr'>est</span> <span class='ocrx_word' id='word_1_173' title='bbox 1460 1529 1506 1560; x_wconf 85' lang='lat' dir='ltr'>ad</span> <span class='ocrx_word' id='word_1_174' title='bbox 1535 1529 1650 1567; x_wconf 77' lang='lat' dir='ltr'>sorum</span> <span class='ocrx_word' id='word_1_175' title='bbox 1677 1529 1809 1568; x_wconf 85' lang='lat' dir='ltr'>accedo,</span> 
     </span>
     <span class='ocr_line' id='line_1_20' title="bbox 320 1588 1812 1631; baseline -0.003 -8"><span class='ocrx_word' id='word_1_176' title='bbox 320 1593 371 1624; x_wconf 80' lang='lat' dir='ltr'>&#39;in</span> <span class='ocrx_word' id='word_1_177' title='bbox 396 1593 511 1631; x_wconf 77' lang='lat' dir='ltr'>sorum</span> <span class='ocrx_word' id='word_1_178' title='bbox 537 1590 653 1621; x_wconf 66' lang='lat' dir='ltr'>‘uenio&#39;</span> <span class='ocrx_word' id='word_1_179' title='bbox 680 1590 793 1628; x_wconf 74' lang='lat' dir='ltr'>forum</span> <span class='ocrx_word' id='word_1_180' title='bbox 821 1589 1005 1629; x_wconf 70' lang='lat' dir='ltr'>ingredior,</span> <span class='ocrx_word' id='word_1_181' title='bbox 1033 1591 1069 1618; x_wconf 81' lang='lat' dir='ltr'>ut</span> <span class='ocrx_word' id='word_1_182' title='bbox 1094 1589 1138 1618; x_wconf 83' lang='lat' dir='ltr'>sit</span> <span class='ocrx_word' id='word_1_183' title='bbox 1165 1588 1253 1618; x_wconf 73' lang='lat' dir='ltr'>illud</span> <span class='ocrx_word' id='word_1_184' title='bbox 1276 1589 1377 1628; x_wconf 68' lang='lat' dir='ltr'>prius</span> <span class='ocrx_word' id='word_1_185' title='bbox 1402 1589 1676 1628; x_wconf 74' lang='lat' dir='ltr'>propinquantis</span> <span class='ocrx_word' id='word_1_186' title='bbox 1701 1589 1747 1619; x_wconf 88' lang='lat' dir='ltr'>ad</span> <span class='ocrx_word' id='word_1_187' title='bbox 1765 1589 1812 1619; x_wconf 93' lang='lat' dir='ltr'>lo-</span> 
     </span>
     <span class='ocr_line' id='line_1_21' title="bbox 318 1647 1812 1690; baseline -0.003 -7"><span class='ocrx_word' id='word_1_188' title='bbox 318 1662 409 1690; x_wconf 84' lang='lat' dir='ltr'>cum,</span> <span class='ocrx_word' id='word_1_189' title='bbox 449 1651 507 1681; x_wconf 83' lang='lat' dir='ltr'>hoc</span> <span class='ocrx_word' id='word_1_190' title='bbox 534 1652 649 1681; x_wconf 72' lang='lat' dir='ltr'>autem</span> <span class='ocrx_word' id='word_1_191' title='bbox 677 1649 789 1679; x_wconf 86' lang='lat' dir='ltr'>locum</span> <span class='ocrx_word' id='word_1_192' title='bbox 815 1649 936 1689; x_wconf 77' lang='lat' dir='ltr'>ipsum</span> <span class='ocrx_word' id='word_1_193' title='bbox 961 1648 1121 1685; x_wconf 76' lang='lat' dir='ltr'>tenentis,</span> <span class='ocrx_word' id='word_1_194' title='bbox 1149 1648 1239 1677; x_wconf 78' lang='lat' dir='ltr'>sicut</span> <span class='ocrx_word' id='word_1_195' title='bbox 1265 1647 1404 1677; x_wconf 77' lang='lat' dir='ltr'>uidetur</span> <span class='ocrx_word' id='word_1_196' title='bbox 1431 1647 1565 1677; x_wconf 78' lang='lat' dir='ltr'>locutus</span> <span class='ocrx_word' id='word_1_197' title='bbox 1594 1656 1664 1677; x_wconf 78' lang='lat' dir='ltr'>esse</span> <span class='ocrx_word' id='word_1_198' title='bbox 1694 1648 1812 1679; x_wconf 79' lang='lat' dir='ltr'>Sallu-</span> 
     </span>
     <span class='ocr_line' id='line_1_22' title="bbox 319 1705 1812 1748; baseline -0.003 -6"><span class='ocrx_word' id='word_1_199' title='bbox 319 1712 408 1742; x_wconf 80' lang='lat' dir='ltr'>stius</span> <span class='ocrx_word' id='word_1_200' title='bbox 450 1709 613 1740; x_wconf 76' lang='lat' dir='ltr'>dicendo:</span> <span class='ocrx_word' id='word_1_201' title='bbox 665 1707 703 1738; x_wconf 92' lang='lat' dir='ltr'>hi</span> <span class='ocrx_word' id='word_1_202' title='bbox 743 1707 888 1748; x_wconf 86' lang='lat' dir='ltr'>utrique</span> <span class='ocrx_word' id='word_1_203' title='bbox 932 1706 978 1737; x_wconf 88' lang='lat' dir='ltr'>ad</span> <span class='ocrx_word' id='word_1_204' title='bbox 1018 1706 1147 1736; x_wconf 89' lang='lat' dir='ltr'>urbem</span> <span class='ocrx_word' id='word_1_205' title='bbox 1175 1706 1414 1746; x_wconf 87' lang='lat' dir='ltr'>imperatores</span> <span class='ocrx_word' id='word_1_206' title='bbox 1445 1709 1549 1736; x_wconf 86' lang='lat' dir='ltr'>erant</span> <span class='ocrx_word' id='word_1_207' title='bbox 1580 1705 1737 1747; x_wconf 87' lang='lat' dir='ltr'>inpediti</span> <span class='ocrx_word' id='word_1_208' title='bbox 1767 1715 1812 1737; x_wconf 87' lang='lat' dir='ltr'>ne</span> 
     </span>
     <span class='ocr_line' id='line_1_23' title="bbox 319 1764 1809 1810; baseline -0.003 -10"><span class='ocrx_word' id='word_1_209' title='bbox 319 1768 590 1810; x_wconf 86' lang='lat' dir='ltr'>triumpharent</span> <span class='ocrx_word' id='word_1_210' title='bbox 634 1766 817 1798; x_wconf 75' lang='lat' dir='ltr'>calumnia</span> <span class='ocrx_word' id='word_1_211' title='bbox 860 1775 1070 1807; x_wconf 85' lang='lat' dir='ltr'>paucorum.</span> <span class='ocrx_word' id='word_1_212' title='bbox 1115 1782 1163 1787; x_wconf 89' lang='lat'>——</span> <span class='ocrx_word' id='word_1_213' title='bbox 1217 1765 1315 1795; x_wconf 74' lang='lat' dir='ltr'>Seru.</span> <span class='ocrx_word' id='word_1_214' title='bbox 1356 1765 1402 1795; x_wconf 85' lang='lat' dir='ltr'>ad</span> <span class='ocrx_word' id='word_1_215' title='bbox 1418 1765 1508 1795; x_wconf 73' lang='lat' dir='ltr'>Aen.</span> <span class='ocrx_word' id='word_1_216' title='bbox 1529 1765 1549 1795; x_wconf 93' lang='lat' dir='ltr'><em>I</em></span> <span class='ocrx_word' id='word_1_217' title='bbox 1568 1773 1612 1804; x_wconf 79' lang='grc'>93</span> <span class='ocrx_word' id='word_1_218' title='bbox 1631 1764 1809 1806; x_wconf 76' lang='lat' dir='ltr'>&#39;duplices&#39;</span> 
     </span>
     <span class='ocr_line' id='line_1_24' title="bbox 318 1825 1814 1867; baseline -0.003 -7"><span class='ocrx_word' id='word_1_219' title='bbox 318 1830 407 1860; x_wconf 83' lang='lat' dir='ltr'>duas</span> <span class='ocrx_word' id='word_1_220' title='bbox 424 1847 480 1858; x_wconf 93' lang='lat'>—.</span> <span class='ocrx_word' id='word_1_221' title='bbox 501 1837 583 1858; x_wconf 73' lang='lat' dir='ltr'>nam</span> <span class='ocrx_word' id='word_1_222' title='bbox 603 1827 759 1867; x_wconf 65' lang='lat' dir='ltr'>duplices</span> <span class='ocrx_word' id='word_1_223' title='bbox 778 1826 863 1856; x_wconf 80' lang='lat' dir='ltr'>duos</span> <span class='ocrx_word' id='word_1_224' title='bbox 881 1825 1038 1856; x_wconf 78' lang='lat' dir='ltr'>dicebam</span> <span class='ocrx_word' id='word_1_225' title='bbox 1054 1842 1101 1846; x_wconf 86' lang='lat'>-—</span> <span class='ocrx_word' id='word_1_226' title='bbox 1116 1843 1163 1846; x_wconf 91' lang='lat'>—-</span> <span class='ocrx_word' id='word_1_227' title='bbox 1179 1828 1208 1854; x_wconf 79' lang='lat' dir='ltr'>et</span> <span class='ocrx_word' id='word_1_228' title='bbox 1227 1827 1384 1864; x_wconf 77' lang='lat' dir='ltr'>utrosque</span> <span class='ocrx_word' id='word_1_229' title='bbox 1413 1828 1476 1864; x_wconf 73' lang='lat' dir='ltr'>pro</span> <span class='ocrx_word' id='word_1_230' title='bbox 1498 1828 1679 1864; x_wconf 75' lang='lat' dir='ltr'>utrumque</span> <span class='ocrx_word' id='word_1_231' title='bbox 1702 1843 1749 1846; x_wconf 97' lang='lat'><strong>—</strong></span> <span class='ocrx_word' id='word_1_232' title='bbox 1766 1842 1814 1846; x_wconf 80' lang='lat'>——</span> 
     </span>
     <span class='ocr_line' id='line_1_25' title="bbox 317 1881 1814 1924; baseline -0.003 -5"><span class='ocrx_word' id='word_1_233' title='bbox 317 1906 374 1919; x_wconf 90' lang='lat'>—-.</span> <span class='ocrx_word' id='word_1_234' title='bbox 418 1888 499 1918; x_wconf 80' lang='lat' dir='ltr'>item</span> <span class='ocrx_word' id='word_1_235' title='bbox 541 1886 734 1917; x_wconf 78' lang='lat' dir='ltr'>Sallustius</span> <span class='ocrx_word' id='word_1_236' title='bbox 775 1895 853 1915; x_wconf 83' lang='lat' dir='ltr'>cum</span> <span class='ocrx_word' id='word_1_237' title='bbox 896 1885 934 1914; x_wconf 80' lang='lat' dir='ltr'>de</span> <span class='ocrx_word' id='word_1_238' title='bbox 976 1883 1109 1914; x_wconf 80' lang='lat' dir='ltr'>duobus</span> <span class='ocrx_word' id='word_1_239' title='bbox 1137 1885 1348 1924; x_wconf 75' lang='lat' dir='ltr'>loqueretur:</span> <span class='ocrx_word' id='word_1_240' title='bbox 1385 1882 1422 1913; x_wconf 92' lang='lat' dir='ltr'>hi</span> <span class='ocrx_word' id='word_1_241' title='bbox 1446 1882 1591 1924; x_wconf 86' lang='lat' dir='ltr'>utrique</span> <span class='ocrx_word' id='word_1_242' title='bbox 1615 1881 1662 1913; x_wconf 85' lang='lat' dir='ltr'>ad</span> <span class='ocrx_word' id='word_1_243' title='bbox 1684 1883 1814 1914; x_wconf 89' lang='lat' dir='ltr'>urbem</span> 
     </span>
     <span class='ocr_line' id='line_1_26' title="bbox 317 1941 1812 1988; baseline -0.004 -9"><span class='ocrx_word' id='word_1_244' title='bbox 317 1947 558 1988; x_wconf 84' lang='lat' dir='ltr'>imperatores</span> <span class='ocrx_word' id='word_1_245' title='bbox 598 1947 712 1975; x_wconf 84' lang='lat' dir='ltr'>erant.</span> <span class='ocrx_word' id='word_1_246' title='bbox 748 1961 797 1966; x_wconf 91' lang='lat'>—</span> <span class='ocrx_word' id='word_1_247' title='bbox 830 1943 1040 1974; x_wconf 81' lang='lat' dir='ltr'>Pseudoasc.</span> <span class='ocrx_word' id='word_1_248' title='bbox 1078 1944 1124 1974; x_wconf 82' lang='lat' dir='ltr'>ad</span> <span class='ocrx_word' id='word_1_249' title='bbox 1159 1943 1230 1973; x_wconf 83' lang='lat' dir='ltr'>Cic.</span> <span class='ocrx_word' id='word_1_250' title='bbox 1262 1942 1355 1973; x_wconf 79' lang='lat' dir='ltr'>Verr.</span> <span class='ocrx_word' id='word_1_251' title='bbox 1381 1942 1425 1972; x_wconf 90' lang='lat' dir='ltr'>II</span> <span class='ocrx_word' id='word_1_252' title='bbox 1452 1950 1494 1981; x_wconf 87' lang='lat'>17</span> <span class='ocrx_word' id='word_1_253' title='bbox 1524 1941 1653 1972; x_wconf 81' lang='lat' dir='ltr'>’statim</span> <span class='ocrx_word' id='word_1_254' title='bbox 1681 1941 1812 1973; x_wconf 83' lang='lat' dir='ltr'>Romae</span> 
     </span>
     <span class='ocr_line' id='line_1_27' title="bbox 318 2001 1812 2044; baseline -0.003 -7"><span class='ocrx_word' id='word_1_255' title='bbox 318 2010 348 2037; x_wconf 81' lang='lat' dir='ltr'>et</span> <span class='ocrx_word' id='word_1_256' title='bbox 377 2007 422 2037; x_wconf 82' lang='lat' dir='ltr'>ad</span> <span class='ocrx_word' id='word_1_257' title='bbox 449 2003 578 2036; x_wconf 78' lang='lat' dir='ltr'>urbem’</span> <span class='ocrx_word' id='word_1_258' title='bbox 607 2006 791 2044; x_wconf 68' lang='lat' dir='ltr'>praeturae</span> <span class='ocrx_word' id='word_1_259' title='bbox 820 2003 890 2033; x_wconf 49' lang='lat' dir='ltr'>ius.</span> <span class='ocrx_word' id='word_1_260' title='bbox 922 2003 1034 2032; x_wconf 81' lang='lat' dir='ltr'>omnis</span> <span class='ocrx_word' id='word_1_261' title='bbox 1063 2003 1157 2032; x_wconf 81' lang='lat' dir='ltr'>enim</span> <span class='ocrx_word' id='word_1_262' title='bbox 1187 2002 1423 2042; x_wconf 71' lang='lat' dir='ltr'>magistratus,</span> <span class='ocrx_word' id='word_1_263' title='bbox 1453 2002 1515 2042; x_wconf 74' lang='lat' dir='ltr'>qui</span> <span class='ocrx_word' id='word_1_264' title='bbox 1541 2001 1812 2032; x_wconf 78' lang='lat' dir='ltr'>2&#39;ntramuranus</span> 
     </span>
     <span class='ocr_line' id='line_1_28' title="bbox 318 2059 1811 2101; baseline -0.004 -5"><span class='ocrx_word' id='word_1_265' title='bbox 318 2075 390 2097; x_wconf 80' lang='lat' dir='ltr'>non</span> <span class='ocrx_word' id='word_1_266' title='bbox 417 2068 464 2096; x_wconf 81' lang='lat' dir='ltr'>est</span> <span class='ocrx_word' id='word_1_267' title='bbox 479 2073 538 2094; x_wconf 79' lang='lat' dir='ltr'>nec</span> <span class='ocrx_word' id='word_1_268' title='bbox 554 2063 721 2101; x_wconf 78' lang='lat' dir='ltr'>urbanus,</span> <span class='ocrx_word' id='word_1_269' title='bbox 737 2062 876 2093; x_wconf 79' lang='lat' dir='ltr'>etiamsi</span> <span class='ocrx_word' id='word_1_270' title='bbox 891 2062 1155 2092; x_wconf 70' lang='lat' dir='ltr'>administrator</span> <span class='ocrx_word' id='word_1_271' title='bbox 1168 2061 1243 2091; x_wconf 78' lang='lat' dir='ltr'>eius</span> <span class='ocrx_word' id='word_1_272' title='bbox 1259 2060 1389 2091; x_wconf 78' lang='lat' dir='ltr'>Romae</span> <span class='ocrx_word' id='word_1_273' title='bbox 1403 2064 1461 2098; x_wconf 77' lang='lat' dir='ltr'>est,</span> <span class='ocrx_word' id='word_1_274' title='bbox 1490 2059 1546 2091; x_wconf 82' lang='lat' dir='ltr'>&#39;ad</span> <span class='ocrx_word' id='word_1_275' title='bbox 1571 2059 1698 2090; x_wconf 77' lang='lat' dir='ltr'>urbem&#39;</span> <span class='ocrx_word' id='word_1_276' title='bbox 1725 2060 1811 2091; x_wconf 81' lang='lat' dir='ltr'>dici·</span> 
     </span>
     <span class='ocr_line' id='line_1_29' title="bbox 317 2119 1492 2161; baseline -0.005 -6"><span class='ocrx_word' id='word_1_277' title='bbox 317 2127 385 2155; x_wconf 82' lang='lat' dir='ltr'>tur.</span> <span class='ocrx_word' id='word_1_278' title='bbox 436 2122 647 2154; x_wconf 76' lang='lat' dir='ltr'>Sallustius:</span> <span class='ocrx_word' id='word_1_279' title='bbox 671 2120 696 2152; x_wconf 84' lang='lat' dir='ltr'>ii</span> <span class='ocrx_word' id='word_1_280' title='bbox 720 2121 866 2161; x_wconf 81' lang='lat' dir='ltr'>utrique</span> <span class='ocrx_word' id='word_1_281' title='bbox 892 2120 938 2151; x_wconf 86' lang='lat' dir='ltr'>ad</span> <span class='ocrx_word' id='word_1_282' title='bbox 963 2120 1091 2151; x_wconf 89' lang='lat' dir='ltr'>urbem</span> <span class='ocrx_word' id='word_1_283' title='bbox 1114 2119 1352 2160; x_wconf 86' lang='lat' dir='ltr'>imperatores</span> <span class='ocrx_word' id='word_1_284' title='bbox 1377 2123 1492 2150; x_wconf 88' lang='lat' dir='ltr'>erant.</span> 
     </span>
    </p>
   </div>
   <div class='ocr_carea' id='block_1_4' title="bbox 320 2282 1814 2814">
    <p class='ocr_par' dir='ltr' id='par_1_5' title="bbox 320 2282 1814 2814">
     <span class='ocr_line' id='line_1_30' title="bbox 415 2282 1811 2333; baseline -0.004 -14"><span class='ocrx_word' id='word_1_285' title='bbox 415 2297 434 2319; x_wconf 87' lang='lat'><strong>2</strong></span> <span class='ocrx_word' id='word_1_286' title='bbox 455 2282 665 2333; x_wconf 63' lang='lat' dir='ltr'>manlllium</span> <span class='ocrx_word' id='word_1_287' title='bbox 704 2292 743 2318; x_wconf 91' lang='lat' dir='ltr'>Pl</span> <span class='ocrx_word' id='word_1_288' title='bbox 765 2285 959 2331; x_wconf 74' lang='lat' dir='ltr'>manilium</span> <span class='ocrx_word' id='word_1_289' title='bbox 997 2285 1037 2316; x_wconf 77' lang='lat' dir='ltr'>Pl</span> <span class='ocrx_word' id='word_1_290' title='bbox 1183 2293 1201 2322; x_wconf 84' lang='lat'>3</span> <span class='ocrx_word' id='word_1_291' title='bbox 1223 2283 1320 2314; x_wconf 85' lang='lat' dir='ltr'>diem</span> <span class='ocrx_word' id='word_1_292' title='bbox 1339 2284 1411 2314; x_wconf 64' lang='lat' dir='ltr'>VH</span> <span class='ocrx_word' id='word_1_293' title='bbox 1450 2296 1465 2314; x_wconf 83' lang='lat' dir='ltr'>s</span> <span class='ocrx_word' id='word_1_294' title='bbox 1605 2282 1811 2314; x_wconf 87' lang='lat' dir='ltr'>nouembri-</span> 
     </span>
     <span class='ocr_line' id='line_1_31' title="bbox 320 2344 1627 2398; baseline -0.004 -8"><span class='ocrx_word' id='word_1_295' title='bbox 320 2368 383 2390; x_wconf 88' lang='lat' dir='ltr'>um</span> <span class='ocrx_word' id='word_1_296' title='bbox 414 2359 509 2390; x_wconf 79' lang='lat' dir='ltr'>P²Be</span> <span class='ocrx_word' id='word_1_297' title='bbox 539 2348 698 2389; x_wconf 68' lang='lat' dir='ltr'>nouemss</span> <span class='ocrx_word' id='word_1_298' title='bbox 715 2344 869 2398; x_wconf 33' lang='lat' dir='ltr'>pler-ique</span> <span class='ocrx_word' id='word_1_299' title='bbox 886 2357 971 2387; x_wconf 81' lang='lat' dir='ltr'>codd</span> <span class='ocrx_word' id='word_1_300' title='bbox 1199 2354 1237 2385; x_wconf 88' lang='lat' dir='ltr'>id</span> <span class='ocrx_word' id='word_1_301' title='bbox 1252 2358 1330 2385; x_wconf 80' lang='lat' dir='ltr'>ante</span> <span class='ocrx_word' id='word_1_302' title='bbox 1361 2354 1460 2395; x_wconf 91' lang='lat' dir='ltr'>quod</span> <span class='ocrx_word' id='word_1_303' title='bbox 1476 2364 1531 2384; x_wconf 85' lang='lat' dir='ltr'>om</span> <span class='ocrx_word' id='word_1_304' title='bbox 1562 2359 1627 2385; x_wconf 89' lang='lat' dir='ltr'>Tm</span> 
     </span>
     <span class='ocr_line' id='line_1_32' title="bbox 321 2412 1812 2459; baseline -0.005 -10"><span class='ocrx_word' id='word_1_305' title='bbox 321 2430 341 2458; x_wconf 87' lang='lat'>4</span> <span class='ocrx_word' id='word_1_306' title='bbox 370 2420 542 2459; x_wconf 86' lang='lat' dir='ltr'>portenta</span> <span class='ocrx_word' id='word_1_307' title='bbox 559 2421 670 2458; x_wconf 87' lang='lat' dir='ltr'>atque</span> <span class='ocrx_word' id='word_1_308' title='bbox 688 2416 747 2447; x_wconf 84' lang='lat' dir='ltr'>alii</span> <span class='ocrx_word' id='word_1_309' title='bbox 763 2415 927 2457; x_wconf 83' lang='lat' dir='ltr'>prodigia</span> <span class='ocrx_word' id='word_1_310' title='bbox 960 2415 999 2445; x_wconf 78' lang='lat' dir='ltr'>P⁴</span> <span class='ocrx_word' id='word_1_311' title='bbox 1016 2418 1109 2455; x_wconf 87' lang='lat' dir='ltr'>port.</span> <span class='ocrx_word' id='word_1_312' title='bbox 1130 2414 1189 2444; x_wconf 86' lang='lat' dir='ltr'>alii</span> <span class='ocrx_word' id='word_1_313' title='bbox 1205 2412 1306 2454; x_wconf 88' lang='lat' dir='ltr'>prod.</span> <span class='ocrx_word' id='word_1_314' title='bbox 1338 2414 1430 2444; x_wconf 60' lang='lat' dir='ltr'>312m</span> <span class='ocrx_word' id='word_1_315' title='bbox 1573 2422 1591 2451; x_wconf 81' lang='lat'><em>5</em></span> <span class='ocrx_word' id='word_1_316' title='bbox 1610 2415 1812 2443; x_wconf 86' lang='lat' dir='ltr'>conuentus</span> 
     </span>
     <span class='ocr_line' id='line_1_33' title="bbox 320 2470 1813 2515; baseline -0.005 -7"><span class='ocrx_word' id='word_1_317' title='bbox 320 2487 354 2508; x_wconf 84' lang='lat' dir='ltr'>ss</span> <span class='ocrx_word' id='word_1_318' title='bbox 376 2478 421 2508; x_wconf 84' lang='lat' dir='ltr'>al.</span> <span class='ocrx_word' id='word_1_319' title='bbox 446 2487 477 2507; x_wconf 84' lang='lat' dir='ltr'>m</span> <span class='ocrx_word' id='word_1_320' title='bbox 520 2488 543 2507; x_wconf 89' lang='lat' dir='ltr'>n</span> <span class='ocrx_word' id='word_1_321' title='bbox 760 2485 860 2505; x_wconf 82' lang='lat' dir='ltr'>arma</span> <span class='ocrx_word' id='word_1_322' title='bbox 883 2473 1003 2515; x_wconf 83' lang='lat' dir='ltr'>parari</span> <span class='ocrx_word' id='word_1_323' title='bbox 1026 2478 1061 2504; x_wconf 84' lang='grc' dir='ltr'><strong>Κ</strong></span> <span class='ocrx_word' id='word_1_324' title='bbox 1270 2482 1408 2513; x_wconf 86' lang='lat' dir='ltr'>capuae</span> <span class='ocrx_word' id='word_1_325' title='bbox 1430 2477 1494 2503; x_wconf 87' lang='lat' dir='ltr'>aut</span> <span class='ocrx_word' id='word_1_326' title='bbox 1515 2472 1553 2502; x_wconf 90' lang='lat' dir='ltr'>in</span> <span class='ocrx_word' id='word_1_327' title='bbox 1575 2470 1696 2512; x_wconf 85' lang='lat' dir='ltr'>apulia</span> <span class='ocrx_word' id='word_1_328' title='bbox 1739 2475 1813 2502; x_wconf 83' lang='lat' dir='ltr'>KH</span> 
     </span>
     <span class='ocr_line' id='line_1_34' title="bbox 323 2531 1603 2577; baseline -0.005 -11"><span class='ocrx_word' id='word_1_329' title='bbox 323 2535 374 2577; x_wconf 87' lang='lat' dir='ltr'>(in</span> <span class='ocrx_word' id='word_1_330' title='bbox 398 2537 443 2574; x_wconf 70' lang='lat' dir='ltr'>ss)</span> <span class='ocrx_word' id='word_1_331' title='bbox 638 2537 658 2565; x_wconf 73' lang='grc' dir='ltr'>ὁ</span> <span class='ocrx_word' id='word_1_332' title='bbox 690 2534 822 2565; x_wconf 84' lang='lat' dir='ltr'>seruire</span> <span class='ocrx_word' id='word_1_333' title='bbox 871 2538 897 2564; x_wconf 89' lang='lat' dir='ltr'>P</span> <span class='ocrx_word' id='word_1_334' title='bbox 1110 2531 1228 2562; x_wconf 81' lang='lat' dir='ltr'>senati</span> <span class='ocrx_word' id='word_1_335' title='bbox 1253 2531 1325 2562; x_wconf 78' lang='lat' dir='ltr'>PP⁴</span> <span class='ocrx_word' id='word_1_336' title='bbox 1349 2534 1498 2561; x_wconf 84' lang='lat' dir='ltr'>senatus</span> <span class='ocrx_word' id='word_1_337' title='bbox 1544 2531 1603 2561; x_wconf 77' lang='lat' dir='ltr'>rell</span> 
     </span>
     <span class='ocr_line' id='line_1_35' title="bbox 322 2589 1814 2636; baseline -0.005 -10"><span class='ocrx_word' id='word_1_338' title='bbox 322 2604 340 2635; x_wconf 82' lang='lat'><em>7</em></span> <span class='ocrx_word' id='word_1_339' title='bbox 365 2594 403 2626; x_wconf 88' lang='lat' dir='ltr'>in</span> <span class='ocrx_word' id='word_1_340' title='bbox 426 2594 548 2636; x_wconf 85' lang='lat' dir='ltr'>apulia</span> <span class='ocrx_word' id='word_1_341' title='bbox 569 2599 580 2625; x_wconf 90' lang='lat'>1</span> <span class='ocrx_word' id='word_1_342' title='bbox 791 2592 810 2622; x_wconf 77' lang='lat' dir='ltr'>S</span> <span class='ocrx_word' id='word_1_343' title='bbox 836 2591 936 2622; x_wconf 87' lang='lat' dir='ltr'>missi</span> <span class='ocrx_word' id='word_1_344' title='bbox 958 2595 1044 2622; x_wconf 86' lang='lat' dir='ltr'>sunt</span> <span class='ocrx_word' id='word_1_345' title='bbox 1069 2591 1108 2622; x_wconf 58' lang='grc' dir='ltr'>Ρ*</span> <span class='ocrx_word' id='word_1_346' title='bbox 1131 2595 1217 2621; x_wconf 85' lang='lat' dir='ltr'>sunt</span> <span class='ocrx_word' id='word_1_347' title='bbox 1240 2600 1273 2620; x_wconf 84' lang='lat' dir='ltr'>ss</span> <span class='ocrx_word' id='word_1_348' title='bbox 1299 2595 1363 2621; x_wconf 84' lang='lat' dir='ltr'>KT</span> <span class='ocrx_word' id='word_1_349' title='bbox 1574 2589 1611 2619; x_wconf 90' lang='lat' dir='ltr'>hi</span> <span class='ocrx_word' id='word_1_350' title='bbox 1634 2599 1688 2620; x_wconf 88' lang='lat' dir='ltr'>om</span> <span class='ocrx_word' id='word_1_351' title='bbox 1712 2589 1814 2621; x_wconf 80' lang='lat' dir='ltr'>P²Bn</span> 
     </span>
     <span class='ocr_line' id='line_1_36' title="bbox 541 2647 1625 2694; baseline -0.003 -11"><span class='ocrx_word' id='word_1_352' title='bbox 541 2662 561 2689; x_wconf 83' lang='lat'>9</span> <span class='ocrx_word' id='word_1_353' title='bbox 586 2652 856 2694; x_wconf 83' lang='lat' dir='ltr'>triumpharent</span> <span class='ocrx_word' id='word_1_354' title='bbox 878 2650 1027 2682; x_wconf 57' lang='lat' dir='ltr'>eac-bant</span> <span class='ocrx_word' id='word_1_355' title='bbox 1072 2655 1099 2682; x_wconf 90' lang='lat' dir='ltr'>B</span> <span class='ocrx_word' id='word_1_356' title='bbox 1339 2658 1375 2679; x_wconf 92' lang='lat'>11</span> <span class='ocrx_word' id='word_1_357' title='bbox 1401 2648 1519 2679; x_wconf 79' lang='lat' dir='ltr'>ruffus</span> <span class='ocrx_word' id='word_1_358' title='bbox 1562 2647 1625 2680; x_wconf 85' lang='lat' dir='ltr'>Hls</span> 
     </span>
     <span class='ocr_line' id='line_1_37' title="bbox 326 2709 1604 2752; baseline -0.004 -8"><span class='ocrx_word' id='word_1_359' title='bbox 326 2721 365 2744; x_wconf 83' lang='lat'>12</span> <span class='ocrx_word' id='word_1_360' title='bbox 392 2712 566 2744; x_wconf 85' lang='lat' dir='ltr'>celerinus</span> <span class='ocrx_word' id='word_1_361' title='bbox 611 2723 635 2743; x_wconf 91' lang='lat' dir='ltr'>n</span> <span class='ocrx_word' id='word_1_362' title='bbox 825 2709 1041 2752; x_wconf 80' lang='lat' dir='ltr'>permissum</span> <span class='ocrx_word' id='word_1_363' title='bbox 1066 2713 1120 2740; x_wconf 84' lang='lat' dir='ltr'>est</span> <span class='ocrx_word' id='word_1_364' title='bbox 1148 2713 1261 2740; x_wconf 79' lang='lat' dir='ltr'>NKsn</span> <span class='ocrx_word' id='word_1_365' title='bbox 1460 2712 1501 2739; x_wconf 86' lang='lat' dir='ltr'>ut</span> <span class='ocrx_word' id='word_1_366' title='bbox 1550 2712 1604 2739; x_wconf 62' lang='grc' dir='ltr'>ΚΘ</span> 
     </span>
     <span class='ocr_line' id='line_1_38' title="bbox 322 2764 1812 2814; baseline -0.005 -11"><span class='ocrx_word' id='word_1_367' title='bbox 322 2771 360 2803; x_wconf 88' lang='lat' dir='ltr'>in</span> <span class='ocrx_word' id='word_1_368' title='bbox 382 2775 545 2814; x_wconf 87' lang='lat' dir='ltr'>tempore</span> <span class='ocrx_word' id='word_1_369' title='bbox 570 2776 604 2803; x_wconf 87' lang='grc' dir='ltr'><strong>Κ</strong></span> <span class='ocrx_word' id='word_1_370' title='bbox 837 2778 876 2808; x_wconf 80' lang='lat'>13</span> <span class='ocrx_word' id='word_1_371' title='bbox 901 2768 947 2800; x_wconf 91' lang='lat' dir='ltr'>ad</span> <span class='ocrx_word' id='word_1_372' title='bbox 968 2764 1054 2812; x_wconf 92' lang='lat' dir='ltr'>hoc]</span> <span class='ocrx_word' id='word_1_373' title='bbox 1079 2767 1268 2799; x_wconf 85' lang='lat' dir='ltr'>decreuere</span> <span class='ocrx_word' id='word_1_374' title='bbox 1290 2777 1323 2798; x_wconf 86' lang='lat' dir='ltr'>ss</span> <span class='ocrx_word' id='word_1_375' title='bbox 1349 2772 1383 2799; x_wconf 85' lang='grc' dir='ltr'><strong>Κ</strong></span> <span class='ocrx_word' id='word_1_376' title='bbox 1596 2775 1635 2805; x_wconf 77' lang='lat'>14</span> <span class='ocrx_word' id='word_1_377' title='bbox 1659 2764 1812 2796; x_wconf 82' lang='lat' dir='ltr'>indicas-</span> 
     </span>
    </p>
   </div>
   <div class='ocr_carea' id='block_1_5' title="bbox 321 2827 1284 2871">
    <p class='ocr_par' dir='ltr' id='par_1_6' title="bbox 321 2827 1284 2871">
     <span class='ocr_line' id='line_1_39' title="bbox 321 2827 1284 2871; baseline -0.003 -9"><span class='ocrx_word' id='word_1_378' title='bbox 321 2834 377 2862; x_wconf 83' lang='lat' dir='ltr'>set</span> <span class='ocrx_word' id='word_1_379' title='bbox 405 2836 435 2869; x_wconf 70' lang='grc' dir='ltr'>γι</span> <span class='ocrx_word' id='word_1_380' title='bbox 641 2839 754 2871; x_wconf 83' lang='lat' dir='ltr'>remp.</span> <span class='ocrx_word' id='word_1_381' title='bbox 782 2828 878 2859; x_wconf 77' lang='lat' dir='ltr'>fecta</span> <span class='ocrx_word' id='word_1_382' title='bbox 903 2839 944 2859; x_wconf 77' lang='lat' dir='ltr'>ex</span> <span class='ocrx_word' id='word_1_383' title='bbox 967 2827 1208 2868; x_wconf 82' lang='lat' dir='ltr'>remperfecta</span> <span class='ocrx_word' id='word_1_384' title='bbox 1259 2832 1284 2859; x_wconf 87' lang='lat' dir='ltr'><strong>P</strong></span> 
     </span>
    </p>
   </div>
  </div>
 </body>
</html>
