2028 3261
578 230 866 260 CONIVRATIO
908 229 1161 263 CATILINAE
1206 220 1250 267 [e.
1284 220 1439 267 4‘3-48]
1673 227 1725 269 57

231 335 573 388 Vargunteium,
598 336 765 375 multos
786 340 1018 388 praeterea
1038 334 1084 374 in
1105 347 1156 374 ea
1177 334 1486 374 coniuratione
1507 347 1613 374 esse.
1656 348 1726 374 ea·
1747 345 1770 374 2

232 407 337 447 dem
361 406 476 448 Galli
500 406 717 453 fatentur,
745 418 795 445 ac
818 405 1065 463 Lentulum
1088 404 1450 444 dissimulantem
1473 411 1726 456 coarguunt

232 482 411 530 praeter
440 477 616 517 litteras
645 475 940 522 sermonibus,
985 488 1097 526 quos
1126 474 1198 514 ille
1229 474 1394 514 habere
1425 473 1583 514 solitus
1613 481 1722 514 erat:

232 561 288 588 ex
322 547 446 589 libris
480 546 710 598 Sibyllinis
745 559 933 597 regnum
970 547 1143 584 Romae
1192 544 1339 584 tribus
1376 543 1590 584 Corneliis
1625 559 1725 598 por-

183 629 208 670 5
231 619 370 666 tendi;
410 617 599 658 Cinnam
635 622 774 668 atque
808 616 980 657 Sullam
1017 620 1166 661 antea,
1204 628 1249 655 se
1285 613 1473 654 tertium
1508 629 1615 661 esse,
1654 615 1723 655 cui

231 689 380 729 fatum
416 688 532 729 foret
569 686 692 727 urbis
728 685 877 738 potiri;
916 690 1151 738 praeterea
1188 685 1244 725 ab
1281 684 1463 725 incenso
1501 684 1722 738 Capitolio

229 759 357 800 illum
394 771 487 798 esse
524 757 809 809 uigesumum
847 770 1031 803 annum,
1073 769 1208 808 quem
1246 768 1377 808 saepe
1415 770 1471 795 ex
1508 756 1723 808 prodigiis

230 829 489 882 haruspices
522 827 859 880 respondissent
893 827 1010 867 bello
1044 826 1164 867 ciuili
1199 832 1439 866 cruentum
1474 826 1579 867 fore.
1646 827 1724 879 igi·
1747 837 1771 877 3

229 906 304 941 tur
340 897 548 952 perlectis
585 897 760 945 litteris,
802 911 906 938 cum
943 897 1067 950 prius
1104 910 1259 938 omnes
1297 896 1423 949 signa
1461 911 1543 937 sua
1563 911 1723 949 cogno-

156 981 212 1009 10
234 970 418 1017 uissent,
454 974 639 1010 senatus
673 968 886 1015 decernit,
922 967 990 1008 uti
1025 967 1237 1008 abdicato
1260 967 1533 1019 magistratu
1555 970 1722 1012 Lentu-

229 1041 297 1081 lus
327 1040 529 1092 itemque
561 1039 696 1079 ceteri
727 1039 774 1079 in
805 1038 954 1079 liberis
986 1037 1202 1078 custodiis
1234 1037 1502 1078 habeantur.
1566 1038 1723 1091 itaque
1745 1049 1771 1089 4

228 1111 450 1156 Lentulus
480 1112 527 1150 P.
559 1110 755 1153 Lentulo
783 1109 1026 1162 Spintheri,
1061 1109 1136 1161 qui
1166 1114 1267 1150 tum
1297 1108 1451 1149 aedilis
1481 1114 1591 1157 erat,
1624 1108 1723 1150 Cet-

229 1182 369 1235 hegus
392 1182 443 1234 Q.
471 1180 723 1228 Cornificio,
749 1180 957 1222 Statilius
981 1179 1025 1220 C.
1053 1179 1243 1225 Caesari,
1270 1179 1489 1220 Gabinius
1512 1181 1570 1219 M.
1598 1179 1722 1220 Cras-

228 1266 290 1300 so,
342 1251 584 1304 Caeparius
619 1251 740 1301 (nam
768 1250 804 1291 is
833 1251 970 1303 paulo
1000 1256 1105 1290 ante
1135 1264 1191 1290 ex
1219 1250 1326 1302 fuga
1356 1255 1578 1290 retractus
1607 1252 1718 1303 erat)

157 1334 210 1375 15
233 1322 309 1364 Cn.
342 1322 553 1363 Terentio
583 1321 781 1362 senatori
812 1321 1071 1362 traduntur.

326 1395 506 1433 Interea
548 1393 675 1444 plebs
716 1391 1026 1433 coniuratione
1052 1391 1299 1444 patefacta,
1331 1405 1445 1443 quae
1472 1391 1617 1444 primo
1642 1405 1717 1432 cu-
1744 1400 1795 1437 48

225 1463 334 1516 pida
366 1477 515 1503 rerum
546 1476 771 1504 nouarum
803 1462 936 1503 nimis
968 1462 1086 1503 bello
1118 1462 1320 1509 fauebat,
1356 1467 1537 1502 mutata
1570 1468 1721 1503 mente

226 1533 445 1575 Catilinae
483 1533 667 1574 consilia
704 1534 914 1580 execrari,
957 1533 1214 1592 Ciceronem
1253 1532 1310 1572 ad
1348 1533 1523 1573 caelum
1547 1533 1720 1580 tollere,

226 1604 368 1645 ueluti
404 1618 460 1645 ex
495 1605 715 1645 seruitute
751 1609 907 1657 erepta
942 1603 1160 1655 gaudium
1196 1608 1335 1655 atque
1371 1603 1595 1643 laetitiam
1631 1604 1720 1656 agi-

153 1689 210 1717 2o
231 1675 376 1716 tabat.
444 1688 641 1727 namque
678 1674 764 1714 alia
800 1674 903 1714 belli
939 1674 1140 1715 facinora
1176 1674 1369 1727 praedae
1406 1673 1547 1725 magis
1585 1688 1723 1726 quam
1744 1687 1767 1716 2

231 1745 505 1787 detrimento
538 1745 645 1793 fore,
680 1745 939 1786 incendium
1002 1758 1108 1785 uero
1141 1745 1332 1791 crudele,
1368 1744 1718 1793 inmoderatum,

226 1831 279 1857 ac
311 1816 394 1856 sibi
427 1829 639 1856 maxume
671 1815 988 1856 calamitosum
1019 1815 1229 1868 putabat,
1265 1815 1431 1868 quippe
1464 1815 1532 1855 cui
1566 1829 1720 1856 omnes

226 1887 386 1940 copiae
418 1886 464 1926 in
498 1900 583 1927 usu
616 1886 870 1927 cottidiano
903 1892 948 1926 et
981 1887 1107 1926 cultu
1141 1886 1338 1939 corporis
1371 1892 1512 1926 erant.

322 2015 374 2035 10.
421 2006 528 2035 Aras.
558 2005 632 2035 I'II
654 2010 676 2045 s>
700 2014 765 2043 451
787 2006 833 2036 Ix'.
860 2005 1052 2036 'abdicatur
1074 2006 1135 2035 illa
1158 2005 1233 2038 res’,
1258 2005 1330 2035 Sal.
1355 2005 1450 2035 Bello
1474 2005 1598 2035 Cam..-
1619 2014 1720 2035 sena-

226 2068 286 2095 tus
314 2064 476 2094 decernit
503 2064 558 2094 uti
586 2064 758 2094 abdicato
786 2064 1006 2104 magistratu
1033 2064 1221 2096 Lentulus.

323 2204 335 2225 1
369 2193 626 2233 uargonteium
652 2199 677 2224 P
869 2198 1056 2234 praeterea
1079 2203 1112 2223 ss
1130 2194 1168 2224 Pl
1362 2202 1378 2222 2
1401 2192 1624 2223 conuincunt
1642 2203 1719 2223 eras

225 2256 428 2293 coarguunt
452 2263 504 2283 scr
530 2258 556 2283 P
750 2262 766 2291 3
793 2252 920 2283 solitus
944 2257 1022 2282 erat
1046 2252 1178 2283 habere
1198 2252 1237 2283 Ρ2
1429 2261 1446 2289 5
1476 2251 1626 2282 tertium
1644 2251 1718 2281 fore

226 2317 323 2342 TMF
513 2314 532 2341 6
558 2310 651 2341 foret
670 2311 790 2341 fatum
808 2324 824 2342 e
1016 2311 1127 2352 potiri
1144 2321 1176 2341 ss
1196 2324 1231 2342 m
1248 2321 1300 2341 om
1321 2323 1337 2342 0
1527 2321 1543 2350 7
1567 2312 1640 2340 XX
1667 2311 1719 2341 uel

224 2370 442 2410 nigesimum
463 2371 547 2400 codd
568 2370 700 2410 uiginti
723 2371 760 2401 Ρι
973 2370 991 2399 S
1017 2370 1225 2411 auruspices
1248 2370 1406 2409 312(corr)
1438 2375 1516 2400 TMi

225 2429 361 2459 bellum
386 2434 411 2459 P
617 2429 709 2459 foret
737 2435 762 2460 P
988 2438 1007 2465 f)
1032 2439 1114 2459 cum
1141 2430 1193 2465 (ex
1216 2436 1306 2467 tuni)
1335 2428 1454 2469 prium
1479 2429 1515 2459 Ρ1

224 2498 289 2518 sua
312 2488 413 2528 signa
438 2488 524 2518 KM2
742 2498 782 2518 10
806 2487 998 2518 abdicatus
1020 2488 1086 2529 [K]
1112 2488 1253 2529 M‘ssrſtrn]
1478 2497 1513 2517 11
1542 2487 1717 2527 itemque]

223 2556 294 2587 que
332 2557 364 2576 ss
402 2547 439 2577 Pl
651 2547 857 2577 habeantur
894 2545 975 2577 Xffl
1013 2547 1234 2577 haberentur
1262 2546 1390 2577 I'snme
1421 2550 1630 2576 tenerentur
1651 2551 1717 2576 ΜΓ

417 2615 456 2643 13
483 2605 667 2635 carnificio
691 2611 716 2636 P
908 2605 1080 2636 statulius
1105 2611 1130 2637 P
1326 2615 1366 2645 14
1390 2616 1434 2635 ex
1476 2615 1527 2634 ου)
1558 2605 1715 2635 Χὶῐῖειιιε

224 2674 257 2693 ss
282 2669 312 2694 D
520 2659 641 2709 figfllla
666 2666 721 2699 (ur
742 2672 829 2700 ems)
860 2670 885 2695 P
1089 2674 1125 2703 15
1151 2664 1325 2695 terrentio
1350 2664 1516 2694 PlKMFs

227 2730 268 2753 10
294 2723 394 2763 plebs
410 2732 485 2752 eras
504 2728 530 2754 P
547 2723 623 2763 ples
650 2723 688 2754 Pl
903 2732 941 2761 17
968 2733 1148 2753 nouarum
1163 2733 1283 2753 reruni
1299 2735 1319 2753 n
1536 2722 1574 2751 15
1593 2721 1716 2751 tollere

223 2792 264 2811 ex
281 2782 433 2812 tolerare
451 2787 477 2812 P
671 2791 710 2817 19
736 2777 879 2827 ereptffl
901 2782 939 2819 (a
957 2783 1007 2820 ss)
1031 2787 1058 2811 B
1251 2788 1360 2822 atque
1381 2782 1415 2810 in
1439 2790 1493 2809 ras
1518 2786 1543 2810 Β

224 2840 436 2879 exagitabat
456 2852 492 2870 m
698 2849 735 2870 ‘21
760 2840 1023 2870 detrimentum
1040 2852 1061 2869 11
1256 2849 1294 2878 23
1312 2844 1415 2870 erant
1432 2849 1471 2869 fx
1493 2839 1601 2868 abent
1622 2839 1666 2875 (Ρ)
1692 2843 1716 2868 Ρ
