2028 3261
309 241 358 273 VI
819 236 856 266 C.
899 234 1117 268 SALLVSTI
1157 233 1303 264 CRISPI

314 343 666 395 commendant).
695 349 742 384 et
761 343 807 383 in
832 341 989 383 formis
1013 338 1215 393 gerundii
1239 344 1286 380 et
1305 337 1540 391 gerundiui
1556 337 1801 378 scribendis

314 416 372 456 ab
405 414 629 469 prioribus
663 411 913 453 editoribus
946 410 1012 450 ita
1046 408 1253 454 dissideo,
1277 412 1329 447 ut
1346 406 1520 447 codices
1542 406 1799 459 antiquissi—

313 499 409 527 mos
455 490 636 527 secutus
676 483 844 524 formas
877 482 923 522 in
952 479 1113 522 mulus
1147 478 1401 519 desinentes
1435 477 1610 518 nonnisi
1657 477 1704 518 in
1740 478 1800 518 lo-

312 555 571 597 cutionibus
623 553 886 595 formulisue
939 550 1134 597 usitatis,
1177 549 1304 590 uelut
1341 548 1387 588 in
1426 548 1550 602 reip„
1591 550 1800 601 pecuniae

313 627 558 682 capiundae
594 650 650 655 —-
687 624 784 665 belli
832 622 1046 675 faciundi,
1096 620 1279 675 gerundi
1314 644 1371 649 —
1406 622 1652 672 potestatem
1697 619 1800 671 jaci-

315 698 480 739 undam
506 722 562 727 —-
590 696 877 750 pccztnz‘czrmn
905 692 1254 747 repetzmdarmn,
1283 689 1490 731 scribam.

408 767 523 809 Turn
569 765 985 819 interpunctionem
1034 761 1254 809 codicum,
1294 760 1460 814 quippe
1497 773 1612 813 quae
1647 759 1802 801 multis

316 839 363 879 in
403 838 536 878 rebus
591 849 725 877 usum
781 834 1023 887 antiquum
1077 831 1292 879 redoleat,
1323 831 1584 884 diligentius
1624 843 1800 884 sequor,

314 923 404 949 non
438 908 505 949 ita
542 906 738 961 quidem,
776 910 829 946 ut
864 903 1124 945 discrimina
1158 902 1388 955 signorum
1422 901 1803 955 interpunctionis

314 978 599 1025 reddiderim,
647 978 725 1018 sed
768 977 834 1017 ita
878 981 930 1016 ut
973 974 1147 1027 legibus
1190 971 1553 1027 interpungendi,
1602 985 1714 1025 quas
1756 972 1804 1013 in

315 1049 547 1092 codicibus
592 1049 639 1090 in
682 1048 947 1089 uniuersum
990 1045 1139 1087 ualere
1186 1048 1387 1098 apparet,
1437 1048 1662 1096 quantum
1705 1043 1802 1084 fieri

316 1120 480 1175 potuit,
513 1118 787 1172 indulgeam,
821 1124 873 1159 ut
903 1118 950 1158 in
979 1117 1139 1158 iisdem
1170 1114 1387 1156 orationis
1417 1113 1560 1168 partis
1591 1114 1804 1155 membris

316 1190 637 1232 coaceruandis
674 1215 730 1219 —
765 1189 812 1230 id
851 1188 972 1242 quod
1009 1186 1250 1230 Sallustius
1288 1190 1414 1226 amat
1448 1210 1506 1215 ——
1541 1198 1632 1225 non
1669 1185 1804 1225 modo

317 1262 520 1301 membra
562 1260 742 1301 maioris
784 1259 933 1313 spatii,
977 1259 1054 1299 sed
1096 1258 1236 1298 etiam
1276 1256 1473 1309 singulas
1509 1268 1641 1297 uoces
1675 1268 1804 1307 asyn-

317 1333 422 1373 deto
468 1331 733 1372 coniunctas
772 1330 947 1383 uirgula
991 1331 1033 1383 (,)
1065 1328 1307 1380 distinguo.
1337 1328 1466 1381 plura
1494 1327 1548 1367 de
1574 1327 1658 1367 hac
1683 1339 1730 1367 re
1758 1325 1806 1366 in

319 1402 692 1455 Prolegomenurn
720 1401 863 1455 partis
893 1403 966 1442 111
996 1400 1144 1454 capite
1174 1412 1196 1441 2
1229 1398 1473 1452 disputaui.

414 1477 590 1521 Restat,
638 1478 689 1513 ut
734 1472 902 1525 gratias
948 1486 1079 1524 agam
1124 1470 1346 1511 maximas
1391 1468 1614 1511 Guilelmo
1653 1468 1804 1512 Lund-

317 1551 498 1592 stroem,
551 1543 676 1585 cuius
711 1543 879 1583 auxilio
912 1556 1019 1583 usus
1051 1556 1151 1582 sum
1184 1539 1434 1594 praestanti
1469 1539 1515 1579 in
1547 1538 1680 1579 scidis
1713 1552 1805 1579 cor-

317 1615 525 1668 figendis.

417 1685 664 1727 Vexioniae
697 1698 849 1725 mense
880 1683 1001 1726 Maio
1036 1683 1140 1724 anni
1174 1684 1390 1724 MCMXI.
