2028 3261
529 230 818 261 CONIVRATIO
852 230 1106 264 CATILINAE
1148 220 1196 268 [c.
1228 221 1338 269 2—-3]
1670 227 1693 269 5

206 352 381 385 somno,
439 337 610 379 indocti
666 337 916 390 incultique
970 337 1118 377 uitam
1173 336 1306 377 sicuti
1362 335 1699 388 peregrinantes

210 408 440 457 transiere;
481 408 645 460 quibus
682 408 885 461 profecto
922 412 1080 448 contra
1116 411 1330 446 naturam
1351 419 1512 458 corpus
1533 405 1695 458 uolup-

209 478 310 526 tati,
359 479 510 519 anima
555 478 676 519 oneri
721 478 821 519 fuit.
899 490 1054 517 eorum
1099 490 1180 528 ego
1224 476 1371 515 uitam
1409 480 1698 526 mortemque

208 549 338 590 iuxta
389 555 607 597 aestumo,
650 548 865 601 quoniam
904 548 958 588 de
998 552 1191 599 utraque
1230 546 1398 586 siletur.
1470 558 1629 585 uerum
1657 556 1744 598 e-9

160 631 186 673 5
210 620 414 661 niinuero
438 620 475 661 is
503 621 687 661 demum
716 618 824 658 mihi
854 617 1006 658 uiuere
1036 622 1174 669 atque
1202 616 1289 656 frui
1320 615 1471 656 anima
1499 615 1695 661 uidetur,

212 691 287 743 qui
326 691 476 743 aliquo
512 689 693 742 negotio
729 689 933 729 intentus
970 687 1186 741 praeclari
1224 685 1435 727 facinoris
1472 691 1552 726 aut
1591 685 1701 725 artis

210 761 356 802 bonae
392 760 563 801 famam
585 759 773 812 quaerit.
831 759 908 799 sed
945 758 990 798 in
1026 772 1192 810 magna
1228 757 1358 810 copia
1393 770 1542 796 rerum
1579 755 1701 796 aliud

213 831 285 872 alii
322 836 486 872 natura
522 830 607 871 iter
644 829 856 870 ostendit.
921 829 1160 882 pulchrum
1197 833 1265 868 est
1301 828 1414 868 bene
1446 820 1597 867 'facere
1634 825 1693 866 rei
1717 835 1740 872 3

212 901 431 957 publicae,
464 900 603 941 etiam
631 900 745 941 bene
775 899 919 940 dicere
949 900 1071 940 haud
1102 899 1350 939 absurdum
1379 902 1460 945 est;
1491 897 1564 937 uel
1593 910 1704 950 pace

140 984 193 1014 10
215 972 286 1013 uel
313 971 430 1012 bello
458 971 629 1012 clarum
657 970 753 1011 fieri
782 970 898 1019 licet;
930 976 975 1010 et
1005 969 1080 1023 qui
1109 969 1264 1016 fecere,
1295 974 1341 1009 et
1370 967 1445 1020 qui
1475 967 1598 1008 facta
1627 966 1702 1007 ali-

212 1056 341 1084 orum
380 1042 606 1095 scripsere,
649 1041 780 1082 multi
821 1041 1078 1081 laudantur.
1152 1054 1204 1080 ac
1230 1038 1339 1079 mihi
1368 1038 1564 1090 quidem,
1587 1042 1704 1077 tam·
1725 1047 1749 1077 2

307 1170 334 1191 1.
386 1161 479 1191 Non.
521 1165 544 1201 p
570 1169 685 1200 4Ῑ9..2.Ξ
711 1161 765 1190 JI.
795 1159 929 1190 'uitam'
957 1159 1182 1191 manifestam
1208 1168 1229 1188 a
1255 1158 1407 1190 uiuendo
1433 1159 1572 1189 dictam.
1627 1157 1706 1187 Sal-

207 1222 338 1252 lustius
374 1221 413 1250 in
451 1220 628 1251 Casilinae
663 1220 779 1250 Bello:
836 1218 954 1249 uitam
990 1217 1097 1248 sicuti
1131 1217 1402 1259 peregrinantes
1438 1215 1622 1247 transiere.
1659 1233 1706 1237 «-

211 1281 302 1310 Don.
329 1280 374 1311 ad
397 1280 501 1310 Phor.
527 1279 583 1309 JV
609 1287 675 1320 ,2.Ῑῇ
701 1278 802 1308 'hunc
827 1278 968 1308 adoriar
991 1276 1172 1317 liospitem'
1197 1280 1306 1307 astute
1330 1276 1497 1316 hospitem
1523 1276 1561 1306 de
1585 1285 1621 1305 eo
1645 1276 1706 1315 qut

210 1339 427 1380 superuenit,
452 1348 577 1369 nomen
602 1341 723 1378 aptam
750 1337 964 1377 imprudenti
988 1346 1101 1367 rernm
1126 1339 1225 1376 atque
1249 1337 1364 1366 alieno
1388 1336 1429 1366 ab
1452 1345 1571 1366 earnm
1596 1335 1704 1365 scien-

210 1399 273 1430 tia.
328 1398 539 1428 Sallustius:
590 1397 708 1427 uitam
737 1395 843 1426 sicuti
872 1394 1143 1436 peregrinantes
1172 1394 1345 1425 transiere
1378 1389 1619 1436 [transierunt
1675 1393 1704 1423 O

211 1456 412 1497 transigere
447 1457 535 1497 rell]

307 1525 337 1554 3.
389 1516 500 1546 Prisc.
529 1515 596 1546 III
621 1520 644 1556 j>
671 1523 714 1553 44
740 1515 785 1544 R.
816 1513 937 1544 ’iuxta'
977 1532 1024 1535 —
1046 1532 1094 1535 —
1116 1531 1172 1551 —,
1214 1514 1353 1554 quando
1374 1522 1453 1544 uero
1472 1512 1573 1542 uerbo
1593 1516 1653 1552 per
1670 1521 1703 1542 se

210 1576 452 1616 coniungitur,
484 1575 689 1605 aditerbiztm
720 1574 757 1604 id
785 1583 855 1604 esse
884 1573 1097 1611 existimant,
1130 1577 1166 1604 iit
1196 1573 1387 1603 Sallustius
1418 1573 1455 1602 tn
1473 1572 1705 1602 Catilinarz'o:

212 1634 346 1665 horum
369 1643 433 1673 ego
456 1633 575 1663 uitam
599 1635 827 1672 mortemque
851 1631 955 1661 iuxta
980 1631 1143 1662 aestimo.

308 1704 339 1733 4.
389 1693 500 1723 Prisc.
526 1693 594 1722 III
617 1697 640 1733 p
665 1700 730 1722 102
754 1691 800 1722 K.
829 1690 932 1721 ’uero'
956 1709 1002 1713 ——
1023 1709 1070 1713 —-
1091 1692 1335 1731 completiziam
1360 1700 1429 1721 esse
1453 1690 1557 1720 etiam
1590 1689 1706 1719 Salla-

212 1754 303 1784 stizts
330 1751 477 1782 ostendit
503 1752 541 1781 in
569 1748 740 1782 Catilina}
751 1751 801 1781 io:
851 1759 979 1779 uerum
1005 1749 1102 1780 enim
1126 1759 1213 1780 uero
1240 1749 1269 1779 is
1297 1749 1444 1779 denium
1470 1747 1558 1778 mihi
1585 1747 1707 1777 uiuere

213 1814 252 1842 et
291 1810 361 1841 frui
388 1809 508 1841 anima
534 1810 690 1840 uidetur.
742 1809 818 1840 Ibd.
847 1813 869 1849 p
898 1818 963 1849 157
1014 1809 1204 1839 Sallustius
1233 1809 1270 1838 in
1297 1809 1531 1838 Catili'nario:
1580 1816 1709 1836 uerum

214 1870 314 1901 enim
331 1879 365 1900 u.
386 1869 406 1900 i.
428 1869 461 1899 d.
481 1879 528 1899 m.
549 1879 583 1900 u.
604 1872 715 1909 atque
733 1868 757 1899 f.
778 1878 808 1898 a.
829 1878 863 1898 u.
898 1868 972 1898 [bd.
994 1872 1016 1908 p
1037 1869 1103 1908 287
1123 1870 1213 1899 item.
1248 1868 1323 1897 Ibd.
1344 1871 1366 1907 ρ
1386 1867 1452 1904 236
1470 1876 1504 1897 u.
1526 1877 1554 1896 e.
1575 1875 1608 1895 u.
1630 1864 1650 1895 i.
1673 1864 1705 1895 d.

216 1939 264 1960 m.
293 1939 328 1959 u.
358 1939 398 1959 ac
424 1928 448 1959 f.
478 1939 508 1959 a.
537 1938 572 1959 u.

310 1989 341 2018 6.
398 1988 490 2019 Non.
534 1991 557 2028 p
600 1996 718 2026 309128
749 1986 803 2016 M.
838 1986 1000 2024 'sasinus'
1031 1986 1172 2024 sactum.
1241 1985 1432 2016 Sallustius
1465 1986 1501 2014 in
1533 1984 1709 2015 Catilinae

218 2047 336 2078 Bello:
386 2046 449 2088 qui
475 2046 597 2087 aliquo
624 2045 769 2085 negotio
796 2044 961 2075 intentus
988 2045 1163 2085 praeclari
1189 2043 1359 2074 facinoris
1387 2047 1451 2074 aut
1479 2042 1566 2073 artis
1593 2042 1710 2072 bonae

219 2106 359 2137 famam
386 2105 539 2147 quaerit.
568 2124 615 2127 —
640 2105 747 2135 Ανιιε.
784 2104 858 2134 VII
885 2108 908 2144 p
939 2105 1004 2143 483
1032 2105 1078 2134 Is.
1111 2103 1275 2134 'intentus
1305 2104 1366 2134 illa
1394 2102 1451 2140 νβ’,
1483 2102 1554 2133 Sal.
1586 2101 1710 2132 Cata..-

218 2164 284 2206 qui
312 2164 435 2206 aliquo
462 2164 608 2205 negotio
636 2164 811 2194 intentus.

316 2232 369 2255 11.
424 2224 507 2254 Gell.
540 2223 596 2253 JV
627 2231 697 2265 15.1
727 2223 900 2253 nonnulla
928 2226 1043 2253 tamen
1076 2222 1190 2253 uideri
1218 2225 1363 2262 possunt
1392 2230 1461 2252 non
1493 2220 1640 2259 indigna
1663 2229 1711 2249 re-

220 2283 458 2323 prehensione,
479 2283 578 2323 quale
601 2282 688 2312 illud
709 2283 745 2312 in
768 2282 942 2312 Catilinae
964 2281 1109 2312 historia
1129 2285 1300 2321 repertmn
1321 2284 1368 2311 est
1387 2280 1476 2320 qaod
1495 2279 1615 2309 habeat
1635 2289 1711 2309 eam

220 2343 370 2382 speciem
395 2342 499 2382 qnasi
522 2345 647 2381 parum
674 2344 797 2371 attente
822 2341 963 2371 dictum.
1011 2341 1115 2371 uerba
1141 2340 1305 2370 Sallustii
1329 2340 1410 2370 liaec
1435 2341 1534 2369 sunt.-
1560 2347 1600 2367 ac
1624 2337 1713 2368 mihi

221 2400 382 2441 quidem,
411 2399 558 2430 tametsi
580 2400 861 2441 hautquaquam
884 2409 948 2440 par
970 2399 1082 2439 gloria
1105 2397 1270 2439 sequitur
1293 2398 1506 2439 scriptorem
1529 2400 1565 2426 et
1588 2402 1711 2427 aucto-

320 2564 333 2585 1
365 2558 476 2595 atque
503 2553 631 2584 inculti
661 2554 732 2593 (uel
759 2564 829 2594 que
855 2556 900 2593 ss)
937 2559 962 2584 B
1253 2560 1271 2581 2
1297 2550 1470 2581 transiere
1497 2550 1582 2581 101²
1609 2551 1642 2590 (g
1664 2559 1710 2590 ss)

224 2626 281 2645 me
304 2613 456 2643 transire
482 2614 699 2653 (transegere
728 2614 773 2653 ss)
804 2613 842 2644 1³l
882 2612 1079 2652 transigere
1106 2617 1135 2643 N
1161 2612 1194 2651 (g
1215 2612 1278 2641 lin.
1301 2614 1504 2641 transuersa
1540 2610 1646 2643 oblitt)
1689 2615 1714 2641 1³

223 2675 428 2711 transegere
450 2673 509 2702 rell
723 2682 740 2710 3
763 2681 887 2702 eorum
908 2681 989 2711 ergo
1013 2670 1129 2701 uitam
1155 2664 1196 2700 F'
1222 2671 1281 2709 (—
1300 2670 1337 2708 T)
1559 2672 1714 2698 mortem

227 2730 416 2772 uitamque
463 2730 503 2761 Ρ2
721 2742 740 2769 4
764 2734 954 2770 utroquel
1153 2728 1380 2759 enimuerum
1412 2733 1438 2758 P
1470 2728 1567 2765 (corr)

226 2799 246 2829 5
277 2793 388 2830 atque
419 2788 540 2821 anima
569 2788 641 2818 frui
669 2789 790 2820 ΜῖΜῈ
1047 2790 1067 2818 6
1091 2791 1201 2828 atque
1224 2785 1312 2817 artis
1339 2791 1369 2817 N
1597 2785 1714 2816 bonae

227 2847 318 2879 artis
339 2853 350 2880 1
560 2848 579 2877 8
601 2846 651 2877 rei
673 2856 706 2887 p.
731 2847 821 2877 bene
843 2846 960 2877 facere
983 2847 1064 2878 21²1*
1299 2853 1319 2881 9
1346 2843 1547 2874 obsurdum
1574 2850 1621 2875 Te
