2028 3261
306 183 360 235 78
790 195 827 223 c.
871 195 1091 227 SALLVSTI
1132 195 1283 226 ciuspr

308 301 557 354 aequaliter
595 300 902 348 distribuerat,
943 312 994 341 ac
1031 300 1157 341 breui
1195 302 1343 355 spatio
1380 304 1574 356 legiones
1612 320 1799 349 numero

307 371 544 412 hominum
573 371 848 424 expleuerat,
881 384 983 412 cum
1012 370 1142 412 initio
1170 385 1262 412 non
1291 374 1485 426 amplius
1514 375 1692 417 duobus
1721 378 1801 418 mi-

259 453 283 493 3
307 441 424 482 libus
458 441 704 483 habuisset.
770 442 848 483 sed
881 456 937 482 ex
971 442 1092 482 omni
1127 443 1257 495 copia
1290 443 1466 484 circiter
1499 459 1603 498 pars
1639 453 1801 499 quarta

308 517 407 553 erat
433 512 705 553 militaribus
733 513 868 553 armis
894 512 1131 561 instructa;
1162 514 1310 561 ceteri,
1341 519 1394 554 ut
1421 528 1646 569 quemque
1673 530 1804 558 casus

307 588 580 631 armauerat,
614 596 772 636 sparos
805 588 885 623 aut
916 583 1108 631 lanceas,
1144 584 1216 624 alii
1248 590 1518 637 praeacutas
1549 587 1672 627 sudis
1703 601 1804 640 por·
1826 596 1847 636 5

257 664 284 705 4
306 653 485 694 tabant.
539 654 617 694 sed
637 658 884 706 postquam
904 654 1132 695 Antonius
1153 668 1256 695 cum
1278 655 1478 696 exercitu
1500 656 1799 706 aduentabat,

308 722 503 764 Catilina
526 737 604 776 per
628 724 797 764 montis
820 724 904 764 iter
928 723 1086 772 facere,
1114 725 1250 766 niodo
1274 726 1331 766 ad
1355 727 1527 775 urbem,
1547 728 1682 768 modo
1700 727 1802 769 Gal·

308 793 414 833 liam
441 807 601 834 uorsus
627 799 777 834 castra
803 807 998 842 mouere,
1027 795 1235 836 hostibus
1261 797 1543 838 occasionem
1570 798 1803 850 pugnandi

307 877 398 904 non
429 864 548 904 dare.
612 865 827 918 sperabat
856 865 1119 918 propediem
1150 879 1338 919 magnas
1369 868 1521 921 copias
1551 881 1646 909 sese
1676 868 1802 909 habi-

258 943 280 983 5
303 938 473 982 turum,
498 935 533 975 si
560 937 732 975 Romae
756 935 862 976 socii
885 935 1067 988 incepta
1090 936 1410 988 patrauissent.
1465 938 1638 979 interea
1661 939 1796 980 serui-
1820 939 1885 979 10*

305 1004 371 1045 tia
394 1005 680 1058 repudiabat,
708 1006 834 1046 cuius
857 1005 987 1046 initio
1012 1006 1070 1046 ad
1094 1020 1198 1047 eum
1222 1021 1414 1059 magnae
1437 1008 1593 1061 copiae
1617 1022 1802 1050 concur-

304 1074 480 1123 rebant,
526 1076 688 1129 opibus
729 1076 1055 1117 coniurationis
1096 1077 1252 1125 fretus,
1296 1078 1431 1118 simul
1473 1078 1670 1119 alienum
1711 1080 1802 1121 suis

405 1205 432 1225 1.
483 1195 576 1225 Non.
614 1199 637 1235 p
671 1204 785 1238 499.1⁶
810 1196 863 1226 M.
892 1195 1059 1227 'datiuus'
1084 1200 1145 1237 pro
1169 1198 1381 1227 accusatiuo.
1405 1215 1453 1218 —
1473 1214 1520 1218 —
1540 1215 1587 1219 —
1610 1198 1802 1229 Sallustius

308 1254 487 1285 Catilinae
523 1254 641 1285 Bello:
676 1254 779 1297 breui
813 1255 933 1296 spatio
969 1255 1127 1295 legiones
1163 1265 1313 1286 numero
1348 1256 1540 1287 hominum
1575 1257 1801 1298 expleuerat,

308 1323 391 1343 cum
418 1312 522 1343 initio
549 1323 623 1344 11011
650 1314 807 1354 amplius
833 1314 977 1344 duobus
1005 1314 1151 1345 milibus
1178 1314 1376 1345 habuisset.

402 1382 431 1402 2.
483 1373 590 1403 Aius.
636 1374 710 1403 VII
747 1377 769 1414 j)
807 1382 872 1412 451
910 1374 955 1404 Κ.
997 1373 1163 1414 'amplius
1192 1375 1253 1405 illa
1280 1374 1337 1413 νβ’,
1364 1393 1410 1396 -
1434 1393 1481 1396 —
1504 1394 1551 1398 ——
1576 1377 1649 1407 Sal.
1678 1376 1803 1407 Catil.-

307 1431 466 1472 amplius
494 1431 638 1462 duobus
666 1432 824 1463 milibus.

402 1500 432 1530 3.
482 1491 576 1521 Non.
613 1496 636 1532 p
672 1500 772 1531 554⁹
798 1492 851 1522 JI.
882 1491 1044 1523 'lanceae'
1069 1494 1134 1523 tela
1160 1497 1242 1523 sunt
1266 1503 1335 1523 uon
1361 1493 1493 1525 bellica.
1544 1494 1739 1525 Sallustius
1763 1495 1802 1524 in

307 1550 486 1581 Catilinae
510 1550 626 1581 Bello:
650 1551 712 1580 sed
737 1561 781 1581 ex
803 1551 903 1581 omni
927 1551 1031 1592 copia
1055 1550 1195 1581 circiter
1218 1561 1302 1592 pars
1325 1556 1457 1592 quarta
1481 1556 1558 1584 erat
1583 1552 1804 1583 militaribus

307 1609 417 1640 armis
435 1609 626 1645 instructa
649 1610 769 1647 ceteri,
791 1613 831 1640 ut
851 1620 1034 1650 quemque
1053 1620 1157 1640 casus
1177 1614 1396 1651 annumerat,
1417 1622 1543 1653 sparos
1562 1619 1627 1642 aut
1645 1612 1800 1650 lanceas,

307 1667 367 1698 alii
396 1672 614 1709 praeacutas
642 1668 750 1699 sudes
779 1669 991 1709 portabant.

400 1737 431 1765 5.
485 1728 584 1758 Seru.
624 1728 670 1758 ad
708 1729 797 1759 Aen.
826 1729 886 1758 XI
915 1729 980 1758 682
1010 1729 1231 1770 ’agrestisque
1259 1739 1387 1760 manus
1414 1735 1527 1762 armat
1554 1729 1693 1771 sparus’
1721 1730 1802 1760 bene

305 1787 468 1827 agrestis:
493 1793 575 1818 uam
602 1791 729 1828 sparus
754 1791 802 1817 est
827 1789 995 1818 rusticum
1021 1790 1138 1826 telum,
1167 1790 1202 1818 iu
1229 1789 1369 1819 modum
1394 1790 1476 1830 pedi
1501 1799 1696 1820 recuruum.
1725 1788 1803 1820 Sal-

304 1846 452 1876 lustius:
486 1856 612 1887 sparos
647 1849 681 1877 et
720 1840 800 1888 [aut
824 1848 855 1877 F
877 1850 912 1877 et
936 1847 1034 1878 Seru.
1058 1848 1170 1888 codd]
1195 1847 1349 1886 lanceas,
1375 1849 1434 1879 alii
1457 1850 1673 1889 praeacutas
1695 1847 1803 1879 sudes

305 1907 463 1945 portare.
739 1900 744 1904 ’

401 1974 430 2004 7.
480 1965 592 1997 Prisc.
620 1965 687 1995 III
711 1970 734 2006 s>
760 1974 827 2004 514
851 1966 897 1996 K.
927 1965 1073 1996 'uersus'
1098 1975 1230 2006 quoque
1253 1967 1475 2006 suppositum
1500 1966 1667 1997 localibus
1690 1967 1802 1996 uomi-

304 2023 409 2055 nibus
433 2025 639 2055 aduerbium
664 2035 735 2055 esse
761 2026 944 2056 inuenitur
966 2044 1012 2047 —
1033 2044 1089 2055 —.
1140 2025 1332 2055 Sallustius
1356 2028 1471 2056 tamen
1494 2027 1598 2057 etiam
1622 2026 1801 2066 praeposi-

303 2083 433 2113 tionem
451 2084 484 2113 ei
502 2086 701 2124 anteposuit
722 2084 756 2114 in
779 2085 1011 2115 Catilinai‘io:
1030 2085 1066 2114 in
1084 2084 1242 2114 Galliam
1260 2094 1395 2114 uersus.
1435 2081 1439 2084 ’

403 2151 454 2172 10.
503 2143 615 2174 Prisc.
640 2144 706 2173 III
728 2147 751 2183 p
775 2144 840 2182 184
862 2144 908 2174 Κ.
932 2147 1182 2174 [οιῑείνιιιιηίιιν
1204 2144 1312 2183 igitur
1332 2144 1466 2174 diuersi
1487 2145 1638 2182 muneri,
1661 2148 1697 2174 ut
1725 2140 1805 2174 Ῐί’ν-’

303 2201 414 2241 gilius
440 2219 486 2223 —
509 2221 556 2225 —
580 2213 635 2236 -2
664 2203 710 2233 ad
734 2212 873 2233 sensum
900 2205 993 2233 enim
1018 2222 1065 2225 —
1087 2221 1134 2225 —
1156 2220 1202 2224 —
1227 2203 1394 2243 quomodo
1419 2206 1449 2233 et
1472 2203 1647 2233 Homerus
1672 2221 1719 2224 —
1740 2220 1798 2233 -.

306 2260 500 2291 Sallustius
534 2263 570 2292 in
604 2262 837 2292 Catilz'narz'o:
869 2261 1007 2292 interca
1039 2262 1188 2292 seruitia
1219 2261 1449 2302 repudiabat,
1485 2261 1586 2291 cuius
1617 2261 1722 2292 initio
1755 2260 1801 2291 ad

306 2328 390 2349 eum
419 2329 573 2360 magnae
604 2321 727 2361 copiae
758 2321 1033 2351 concurrebant.
1092 2320 1216 2351 'citius'
1246 2322 1339 2351 enim
1369 2321 1548 2360 singulare
1578 2321 1623 2351 ad
1653 2331 1720 2351 rem
1752 2331 1800 2351 re-

305 2378 397 2416 tulit,
422 2379 460 2409 id
481 2383 529 2410 est
555 2379 667 2410 'cuius
691 2381 741 2410 rei
764 2379 1012 2410 seruitiormn'.

401 2506 419 2527 2
450 2497 667 2538 impleuerat
700 2503 733 2529 Κ
1013 2507 1032 2536 4
1063 2500 1104 2527 ut
1134 2506 1242 2538 quem
1276 2497 1315 2528 Ρ2
1568 2507 1585 2536 7
1621 2497 1729 2528 niodo
1764 2497 1800 2527 in

306 2555 455 2595 galliam
481 2561 615 2588 NKmn
640 2555 689 2595 (in
711 2558 801 2593 eras)
828 2557 936 2587 niodo
960 2555 1006 2586 ad
1028 2566 1059 2596 g.
1084 2562 1152 2587 ΜΡ
1174 2556 1283 2587 niodo
1316 2554 1362 2603 ad
1382 2556 1418 2586 111
1438 2567 1469 2597 g.
1492 2569 1509 2587 ο

305 2615 325 2644 8
356 2624 513 2646 mouere.
545 2614 683 2645 scilicet
714 2618 756 2645 ut
775 2615 975 2656 fatigarent
995 2615 1187 2645 antonium
1208 2625 1290 2645 cum
1309 2617 1394 2649 suis:
1458 2615 1626 2647 hostibus
1649 2615 1801 2656 (glosula

305 2673 405 2713 haec,
427 2683 500 2705 non
520 2684 564 2704 ex
585 2683 732 2715 corpore
752 2676 790 2706 in
813 2676 878 2717 mg)
905 2681 932 2705 B
1123 2685 1143 2712 9
1165 2685 1314 2716 sperans
1337 2673 1444 2713 Γ(-Ι))
1637 2684 1678 2706 10
1701 2684 1801 2705 rome

304 2766 347 2787 ex
368 2766 467 2788 more
493 2757 531 2789 Ρ1
751 2731 985 2799 partauissent
1008 2770 1031 2789 n
1217 2769 1254 2792 11
1279 2769 1435 2800 quorum
1454 2762 1517 2798 pro
1538 2757 1640 2788 cuius
1662 2762 1727 2789 ΚΡ
1748 2758 1801 2797 (in

306 2812 379 2850 ras)
574 2825 614 2846 12
636 2816 743 2846 simul
763 2828 815 2848 om
841 2822 909 2848 Nm
929 2826 962 2847 ss
984 2826 1039 2847 m2
1063 2824 1097 2850 K
1120 2818 1279 2849 alienum
1299 2818 1407 2849 simul
1430 2830 1447 2849 e
