2028 3261
449 248 738 279 coNIVRATIO
772 247 1025 281 CATILINAE
1061 238 1105 286 [c.
1134 239 1287 286 19—20]
1559 249 1613 291 29

130 361 227 396 tam
263 360 441 409 partem
479 355 659 396 aedium
696 354 876 402 secedit,
917 359 1054 406 atque
1090 353 1151 394 ibi
1189 336 1399 394 omnissus
1437 354 1616 395 arbitris

130 426 286 479 procul
326 425 490 466 amotis
530 426 781 466 orationem
819 425 1004 465 huiusce
1044 423 1165 464 modi
1206 423 1380 464 habuit:

225 497 297 536 'Ni
333 497 479 537 uirtus
514 496 717 548 fidesque
742 499 894 535 uestra
919 500 1125 548 spectata
1146 494 1255 534 mihi
1276 493 1438 542 forent,
1461 495 1615 547 nequi·
1637 505 1661 536 2

130 580 269 620 quam
302 572 528 620 oportuna
560 579 628 606 res
660 565 905 613 cecidisset;
942 579 1042 618 spes
1075 578 1241 616 magna
1286 564 1538 605 dominatio
1570 566 1617 606 in

81 647 104 689 5
129 638 339 678 manibus
379 637 548 677 frustra
589 635 792 683 fuissent,
836 649 982 688 neque
1023 649 1104 687 ego
1145 648 1223 688 per
1264 634 1494 687 ignauiam
1537 641 1618 676 aut

128 722 249 749 uana
277 707 455 760 ingenia
482 707 654 746 incerta
682 719 763 759 pro
793 706 925 747 certis
954 710 1198 759 captarem.
1261 705 1338 746 sed
1369 705 1475 758 quia
1504 706 1616 746 mul-
1637 719 1662 758 3

128 779 186 819 tis
222 783 268 819 et
304 777 478 829 magnis
513 776 865 830 tempestatibus
900 791 982 818 uos
1018 776 1207 829 cognoui
1244 775 1374 817 fortis
1410 776 1617 829 fidosque

128 848 250 896 mihi,
275 862 326 888 eo
349 847 526 888 animus
549 860 684 888 ausus
706 852 775 888 est
797 861 1065 888 maxumum
1088 852 1225 899 atque
1247 846 1618 900 pulcherrumum

127 919 301 959 facinus
329 918 537 970 incipere,
570 918 702 958 simul
733 918 838 970 quia
867 918 996 959 uobis
1026 918 1183 958 eadem
1215 931 1329 969 quae
1359 917 1467 957 mihi
1497 918 1618 958 bona

58 1002 109 1030 10
132 989 340 1041 malaque
370 1002 463 1029 esse
493 988 706 1035 intellexi3
739 1002 846 1029 nam
875 989 995 1030 idem
1025 988 1138 1028 uelle
1169 994 1306 1040 atque
1336 988 1456 1028 idem
1486 989 1615 1037 nolle,
1638 1000 1664 1042 4

126 1074 178 1100 ea
208 1059 391 1100 demum
421 1059 554 1099 firma
585 1059 785 1099 amicitia
815 1065 895 1101 est.

220 1186 248 1207 1.
299 1177 342 1215 Cf
382 1177 476 1208 Curti
510 1176 559 1206 [fl
584 1186 673 1219 ΙΙ.12
698 1176 733 1206 in
757 1175 925 1206 intimam
950 1175 1147 1207 deuorsorii
1171 1180 1313 1218 partem
1336 1176 1482 1207 secessit
1505 1181 1541 1207 et
1564 1187 1616 1208 re-

124 1235 233 1266 motis
260 1236 404 1266 arbitris
430 1236 466 1265 in
492 1236 648 1266 multam
674 1239 819 1266 noctem
845 1235 1068 1274 quaestionis
1094 1236 1305 1277 expectauit
1331 1239 1516 1267 euentum.

218 1295 328 1325 Schol.
371 1295 457 1326 Hor.
500 1296 545 1325 acl
585 1296 681 1335 epod.
731 1294 758 1324 Γ
792 1303 834 1333 5ο
860 1294 1029 1326 ’arbitrale'
1072 1297 1228 1326 tonsciae
1250 1299 1357 1326 testes.
1406 1296 1616 1327 Sallustius:

125 1356 235 1394 atque
256 1353 305 1383 ibi
326 1354 451 1394 procul
473 1353 605 1384 amotis
627 1353 781 1383 arbitris.

219 1421 236 1451 3
264 1422 332 1453 sqq.
390 1413 538 1453 szztsl.
584 1413 651 1443 III
694 1414 763 1453 δ’.43
806 1413 854 1442 stc
903 1412 1061 1443 Catilina
1092 1414 1188 1453 apud
1219 1414 1429 1444 Sallztstt'mn
1452 1415 1615 1454 loquitur,

125 1475 161 1502 ut
182 1482 251 1502 rem
272 1473 575 1502 sceleratissimam
598 1482 665 1502 uon
688 1472 823 1502 malitia
846 1471 903 1501 sed
925 1472 1165 1512 indignatione
1187 1473 1349 1503 uideatur
1369 1473 1504 1503 audere.

220 1539 249 1569 3.
302 1531 399 1561 Seru.
443 1531 488 1561 ad
522 1531 599 1561 Geo.
627 1531 648 1561 I
674 1531 740 1560 260
776 1530 897 1561 ’multa
922 1532 1033 1569 forent
1056 1542 1143 1573 quae
1169 1542 1246 1562 mox
1272 1532 1365 1563 caelo
1389 1536 1423 1573 p.
1448 1542 1474 1563 s,
1498 1543 1541 1564 m.
1567 1533 1614 1565 d.’

123 1608 170 1611 —
194 1608 241 1612 —-
263 1607 310 1611 —
334 1600 417 1620 uam
447 1590 551 1628 'foret'
578 1594 607 1620 et
633 1590 857 1630 praeteritmn
883 1594 912 1621 et
938 1595 1101 1631 praesens
1128 1595 1157 1622 et
1182 1592 1340 1629 futurum
1367 1592 1613 1631 complectitur.

126 1650 336 1680 Sallustius:
377 1648 413 1678 ni
449 1648 566 1680 uirtus
594 1648 757 1688 fidesque
787 1654 908 1680 uestra
935 1655 1101 1691 spectata
1130 1650 1217 1680 mihi
1246 1649 1350 1688 foret,
1381 1651 1417 1681 td
1443 1654 1490 1680 est
1518 1655 1613 1682 esset.

220 1718 273 1739 10.
322 1708 412 1739 Don.
438 1709 483 1739 ad
504 1709 588 1739 Hec.
614 1708 634 1738 I
658 1717 729 1748 :295
756 1707 831 1747 'par
849 1710 1028 1749 ingenium
1049 1713 1168 1740 naz-tus
1184 1709 1321 1749 est'par
1336 1710 1518 1749 ingenium
1535 1721 1615 1741 ean-

124 1768 199 1798 dem
221 1768 444 1798 uoluntatem.
484 1768 675 1798 Sallustius
695 1785 742 1789 —
761 1785 808 1788 —-
827 1786 873 1790 ——
896 1769 984 1799 idem
1006 1769 1111 1799 alibi:
1133 1774 1218 1798 nam
1239 1768 1335 1799 idem
1358 1778 1390 1798 u.
1415 1778 1444 1798 a.
1469 1768 1490 1800 i.
1515 1779 1562 1807 n.,
1585 1779 1613 1799 e.

125 1826 158 1857 d.
186 1827 209 1857 f.
237 1837 267 1857 a.
295 1836 325 1856 ο.
351 1843 397 1848 --
420 1827 537 1867 Apoll.
564 1827 685 1857 Sidon.
712 1831 764 1867 ep.
790 1828 817 1857 V
835 1837 887 1865 3.2
904 1838 1066 1868 namque,
1086 1832 1122 1858 ut
1140 1829 1290 1868 Crispus
1313 1831 1422 1858 uester
1438 1828 1616 1865 affirmat:

124 1884 222 1916 idem
247 1885 341 1916 uelle
368 1888 479 1926 atque
506 1884 602 1915 idem
629 1886 723 1916 nolle
750 1896 791 1916 ea
818 1886 966 1917 demum
992 1887 1099 1917 firma
1122 1886 1283 1917 amicitia
1309 1890 1373 1917 est.
1397 1904 1444 1909 —
1465 1887 1613 1918 Hieron.

123 1948 176 1985 ep.
202 1953 320 1983 130.12
346 1946 536 1976 saecularis
558 1955 688 1986 quoque
710 1947 880 1976 sententia
901 1950 966 1977 est:
989 1945 1116 1976 eadem
1137 1946 1229 1977 uelle
1252 1948 1288 1976 et
1310 1945 1437 1977 eadem
1459 1946 1552 1977 nolle
1575 1957 1618 1977 ea

125 2004 273 2034 demum
302 2003 410 2034 firma
440 2003 600 2034 amicitia
631 2007 695 2035 est.
727 2023 773 2027 —
803 2006 847 2043 Cf
876 2006 1022 2036 Hieron.
1056 2007 1136 2036 adu.
1169 2005 1269 2043 Rufj.
1302 2005 1369 2035 III
1398 2015 1417 2045 9
1443 2005 1471 2035 si
1502 2015 1617 2036 unum

126 2062 316 2101 credimus,
345 2062 374 2093 si
401 2062 497 2093 idem
517 2066 553 2093 et
572 2063 741 2094 uolumus
761 2067 796 2094 et
817 2065 996 2103 nolumus,
1019 2075 1063 2095 ex
1082 2075 1154 2105 quo
1173 2063 1299 2094 firmas
1319 2064 1417 2094 nasci
1437 2064 1617 2095 amicitias

125 2120 239 2152 etiam
265 2121 422 2152 Catilina
450 2124 618 2153 testatur.
670 2140 717 2145 —-
742 2124 933 2163 Angustia.
963 2124 1001 2154 de
1029 2126 1132 2154 amit.
1163 2132 1182 2153 2
1208 2123 1267 2153 uel
1294 2122 1459 2153 iudicant
1485 2123 1617 2154 iustius

124 2179 221 2211 idem
248 2180 340 2211 uelle
368 2189 404 2211 et
432 2180 528 2211 idem
556 2181 650 2212 nolle
677 2181 745 2212 sibi
773 2182 1026 2213 existimantes
1055 2182 1237 2213 amicitiae
1265 2182 1404 2222 legibus
1431 2182 1613 2223 imperari.

124 2240 200 2271 Ibd.
226 2248 246 2278 3
268 2239 331 2269 ubi
355 2239 437 2270 talis
461 2238 622 2270 amicitia
644 2244 709 2279 est,
734 2240 784 2271 ibi
806 2240 903 2272 idem
925 2242 1017 2272 uelle
1041 2243 1076 2272 et
1099 2241 1196 2272 idem
1219 2241 1324 2271 nolle.

125 2477 143 2494 0
185 2463 193 2472 .
227 2449 240 2471 1
281 2439 428 2470 secessit
444 2448 499 2470 νηί.)
519 2445 646 2472 BKme
839 2451 856 2472 2
882 2440 1133 2472 huiuscemodi
1150 2440 1355 2472 orationem
1381 2441 1452 2472 P⁴T

125 2498 308 2529 rationem
342 2504 377 2531 Κ
592 2509 610 2538 3
644 2499 810 2540 fidesque
843 2510 884 2530 ex
915 2499 1125 2541 fidesquam
1158 2500 1194 2531 Ρ1
1420 2503 1617 2542 expectata

129 2557 301 2598 (probata
342 2568 375 2588 ss
397 2554 467 2593 ΜΖ)
500 2563 527 2589 Ρ
735 2557 831 2589 foret
854 2550 1031 2602 V[P]P⁴n
1055 2559 1179 2589 forent
1202 2560 1263 2590 rell
1290 2553 1340 2602 [cl
1362 2559 1457 2590 Prol.
1483 2563 1506 2599 p
1529 2554 1615 2602 169]

339 2616 564 2658 nequiquam
583 2627 711 2658 ex-que
750 2618 789 2648 Pl
1031 2628 1049 2657 5
1070 2618 1199 2649 fuisset
1222 2624 1287 2650 Fm
1523 2619 1542 2648 8
1562 2621 1616 2649 est

126 2684 235 2705 ausus
257 2685 275 2714 γ
296 2675 398 2715 (sign.
419 2679 539 2716 ransp.
561 2677 631 2707 add
651 2677 694 2716 D)
897 2686 917 2714 9
939 2687 1032 2718 quae
1052 2687 1106 2708 om
1130 2683 1159 2709 N
1178 2687 1211 2708 ss
1230 2689 1268 2708 m
1442 2687 1483 2708 10
1505 2680 1617 2717 atque

125 2734 222 2766 mala
240 2746 276 2764 m
514 2744 590 2765 esse
608 2744 641 2765 ss
680 2735 720 2766 1>4
740 2745 794 2766 om
832 2741 884 2766 Tn
919 2736 1083 2766 intellexi
1102 2746 1177 2767 esse
1197 2748 1215 2768 e
1419 2735 1516 2767 idem
1538 2740 1616 2767 ante

125 2793 219 2823 nolle
241 2803 295 2824 om
317 2782 459 2825 131²Tme
672 2803 709 2825 11
735 2804 778 2824 ea
799 2793 883 2824 dem
904 2793 1052 2824 infirma
1076 2801 1102 2826 P
1127 2794 1225 2834 (corr)
