2028 3261
519 252 807 283 CONIVRATro
841 249 1094 283 CATILINAE
1128 240 1173 288 [ο.
1200 240 1307 286 5—13]
1612 247 1660 275 11

178 362 223 402 hi
262 366 508 414 postquam
546 359 593 399 in
632 373 723 400 una
763 358 940 399 moenia
979 370 1240 402 conuenere,
1283 354 1449 407 dispari
1490 368 1661 406 genere,
1691 365 1714 395 2

178 430 379 473 dissimili
411 430 575 482 lingua,
610 429 722 470 alius
753 428 839 469 alio
870 441 992 468 inore
1022 426 1241 472 uiuentes,
1274 424 1533 464 incredibile
1576 438 1664 464 me-

179 506 358 543 moratu
393 506 462 541 est
498 514 635 553 quam
670 499 798 540 facile
834 496 1093 538 coaluerint:
1137 495 1230 541 <ita
1265 494 1389 535 breui
1418 494 1665 534 multitudo

179 572 377 625 dispersa
416 576 553 623 atque
592 584 708 622 uaga
746 567 984 609 concordia
1023 566 1184 606 ciuitas
1222 565 1345 605 facta
1383 567 1518 605 erat).
1590 565 1667 605 sed
1693 576 1717 616 3

130 651 154 695 5
177 648 423 696 postquam
470 655 538 681 res
585 653 739 680 eorum
771 637 958 684 ciuibus,
994 637 1205 682 moribus,
1241 635 1357 688 agris
1389 640 1524 675 aucta
1556 635 1665 675 satis

178 726 392 766 prospera
423 711 622 762 satisque
652 709 824 762 pollens
854 707 1108 751 uidebatur.
1143 706 1274 747 sicuti
1306 706 1518 758 pleraque
1550 719 1665 745 mor-

179 783 340 824 talium
366 782 604 827 habentur,
633 779 805 820 inuidia
831 793 886 819 ex
914 777 1145 830 opulentia
1173 782 1272 817 orta
1299 781 1379 816 est.
1402 777 1411 784 “
1439 776 1575 828 igitur
1602 790 1664 816 re-
1691 788 1717 829 4

178 867 253 906 ges
290 851 535 905 populique
573 849 772 890 finitumi
812 849 927 889 bello
966 853 1204 900 temptare,
1246 846 1377 899 pauci
1417 861 1472 886 ex
1511 846 1665 887 amicis

180 923 345 964 auxilio
372 935 478 969 esse,
508 935 614 961 nain
642 920 776 960 ceteri
805 924 929 960 metu
956 918 1145 971 perculsi
1174 933 1200 958 a
1226 916 1432 970 periculis
1460 917 1662 957 aberant.

108 1005 161 1035 10
184 998 232 1034 at
279 991 472 1032 Romani
519 990 640 1032 domi
688 990 964 1041 militiaeque
1010 988 1173 1028 intenti
1219 987 1444 1034 festinare,
1494 1001 1665 1040 parare,
1694 997 1717 1039 5

179 1064 291 1104 alius
327 1062 466 1103 alium
500 1061 684 1108 hortari,
723 1061 929 1101 hostibus
965 1059 1149 1099 obuiam
1184 1058 1258 1105 ire,
1288 1057 1558 1104 libertatem,
1587 1071 1665 1110 pa-

178 1133 313 1175 triam
355 1132 646 1186 parentisque
673 1131 807 1172 arinis
834 1136 994 1182 tegere.
1037 1134 1142 1182 post
1167 1128 1243 1169 ubi
1271 1128 1468 1181 pericula
1494 1127 1666 1168 uirtute

276 1261 303 1282 1.
351 1252 449 1282 Seru.
487 1252 531 1281 ad
549 1251 638 1280 Aen.
661 1250 744 1280 XII
767 1250 832 1288 164
856 1249 952 1289 'bigis
975 1251 1000 1279 it
1024 1248 1176 1278 Tmmcs'
1198 1266 1244 1269 ψ
1262 1266 1308 1268 -
1329 1248 1375 1277 ita
1397 1248 1546 1278 dicimus
1570 1246 1667 1277 'unos

177 1312 286 1352 bigas,
327 1320 415 1341 unas
439 1311 638 1350 quadrigas,
679 1319 767 1339 unas
800 1308 935 1339 scalas'.
997 1308 1207 1338 Sallustius:
1255 1306 1291 1336 hi
1316 1311 1512 1346 postquam
1537 1305 1572 1335 in
1597 1316 1668 1336 una

178 1369 321 1400 moenia
343 1378 552 1399 conuenere.
575 1387 621 1390 —
640 1369 751 1398 Prisc.
776 1367 842 1397 III
863 1371 886 1407 p
909 1376 974 1406 414
996 1367 1040 1396 Κ.
1068 1365 1153 1397 'uui’
1182 1376 1312 1406 quoque
1333 1370 1361 1395 et
1392 1365 1503 1395 'unae’
1526 1368 1554 1395 et
1571 1364 1667 1396 'una'

176 1429 376 1470 pluralibus
403 1429 657 1467 adiunguntur,
684 1437 770 1467 quae
797 1431 858 1467 ριό
884 1426 1124 1466 singularibus
1151 1426 1386 1465 assipiuntur,
1417 1428 1449 1455 ut
1477 1425 1668 1455 Sallustius

175 1489 215 1519 in
256 1488 489 1518 Catiliuam'o:
516 1486 552 1516 hi
574 1488 770 1527 postquam
791 1485 826 1515 in
848 1495 920 1516 una
941 1484 1083 1515 moenia
1105 1494 1304 1514 conuenere
1325 1487 1388 1524 pro
1412 1484 1459 1514 'iu
1481 1494 1589 1514 imam
1614 1493 1669 1513 ur-

176 1546 274 1577 bem'.

272 1614 302 1636 2,
353 1605 398 1643 Cf
433 1605 534 1645 Sulp.
576 1604 656 1653 Seu.
694 1603 810 1634 shron.
841 1604 860 1633 I
886 1613 957 1645 Ι3Ἳ
994 1602 1202 1633 incredibile
1236 1589 1442 1632 memoratu
1479 1604 1533 1631 est
1558 1610 1669 1641 quam

178 1664 251 1695 cito
275 1673 425 1694 numero
452 1663 551 1694 aucti
576 1662 660 1693 sint.

273 1731 303 1761 3.
328 1723 356 1753 A
366 1724 519 1763 ugustin.
547 1726 598 1762 ep.
626 1723 742 1763 138.10
763 1722 849 1762 quid
870 1725 917 1752 est
932 1725 1044 1752 alitem
1060 1721 1187 1751 ciuitas
1200 1721 1272 1750 nisi
1286 1720 1467 1750 hominum
1485 1720 1668 1750 multitudo

176 1783 216 1813 in
249 1782 422 1822 quoddam
458 1782 643 1812 uinculum
669 1782 805 1812 redacta
829 1781 1050 1812 concordiae?
1098 1780 1195 1819 apud
1218 1789 1272 1809 eos
1300 1780 1357 1818 (sc.
1384 1779 1566 1819 scriptores
1590 1788 1669 1818 gen-

176 1841 266 1879 tiles)
300 1842 393 1871 enim
425 1841 551 1880 legitur
580 1841 648 1870 ita:
680 1839 781 1870 breui
812 1839 1012 1870 multitudo
1044 1839 1187 1869 diuersa
1219 1841 1329 1878 atque
1360 1848 1453 1878 uaga
1478 1837 1670 1868 concordia

178 1899 308 1930 ciuitas
328 1898 427 1929 facta
448 1902 535 1929 erat.
562 1893 740 1941 [dispersa
780 1910 811 1929 m
833 1898 975 1929 diuersa
1014 1899 1088 1939 rell]
1110 1915 1157 1918 —-
1200 1897 1244 1934 Cf
1264 1897 1354 1927 Dz'ct.
1384 1897 1411 1926 1'
1433 1906 1475 1936 17
1497 1896 1670 1936 breuique
1719 1924 1722 1927 ,

178 1958 305 1998 ingens
332 1958 464 1988 coalita
491 1957 701 1988 multitudo.

274 2027 303 2056 5.
350 2018 542 2057 Augustin.
580 2018 648 2047 ciu.
685 2018 729 2047 D.
769 2017 835 2047 III
858 2026 900 2046 10
920 2027 1002 2048 uam
1026 2022 1223 2057 postquam
1244 2025 1299 2045 res
1320 2024 1455 2050 eorum,
1478 2016 1567 2044 sicut
1588 2015 1671 2044 scri-

180 2076 227 2106 bit
254 2077 330 2116 ipse
357 2076 562 2113 Sallustius,
589 2075 728 2116 legibus
753 2075 915 2106 moribus
941 2075 1034 2116 agris
1060 2080 1168 2106 aucta
1193 2074 1283 2105 satis
1309 2083 1480 2114 prospera
1510 2073 1672 2113 satisque

181 2135 319 2175 pollens
341 2135 546 2171 uidebatur,
571 2134 664 2165 sicut
686 2135 857 2175 pleraque
879 2134 1089 2165 mortalium
1103 2134 1295 2171 habentur,
1311 2132 1449 2163 inuidia
1464 2142 1508 2162 ex
1522 2132 1672 2172 opulen-

182 2193 234 2223 tia
255 2196 336 2224 orta
359 2200 423 2224 est.
448 2193 557 2233 igitur
579 2203 679 2236 reges
701 2193 898 2234 populique
921 2193 1070 2223 finitimi
1093 2193 1185 2223 bello
1209 2195 1362 2229 tentare,
1388 2191 1494 2232 pauci
1517 2201 1561 2221 ex
1584 2190 1672 2221 ami-

180 2251 230 2282 cis
250 2252 384 2282 auxilio
405 2262 491 2290 esse,
514 2262 600 2283 nam
619 2252 728 2282 ceteri
748 2256 848 2282 metu
869 2252 1022 2293 perculsi
1042 2262 1062 2282 a
1082 2251 1249 2293 periculis
1269 2250 1431 2281 aberant.
1455 2253 1493 2280 at
1515 2249 1672 2279 Romani

180 2310 280 2341 domi
303 2311 528 2352 militiaeque
551 2311 684 2342 intenti
707 2311 890 2349 festinare,
917 2320 1054 2352 parare,
1082 2311 1172 2341 alius
1196 2310 1308 2341 alium
1330 2308 1479 2347 hortari,
1505 2308 1672 2339 hostibus

143 2367 147 2373 ’
180 2369 332 2400 obuiam
365 2370 426 2408 ire,
463 2370 673 2400 libertatem
707 2370 867 2411 patriam
902 2373 1144 2410 parentesque
1179 2369 1288 2400 armis
1324 2372 1453 2408 tegere.
1492 2371 1575 2408 post
1610 2366 1673 2397 ubi

181 2428 342 2469 pericula
389 2428 529 2459 uirtute
563 2429 812 2470 propulerant,
849 2428 953 2459 sociis
988 2429 1107 2469 adque
1143 2428 1267 2459 amicis
1302 2427 1436 2458 auxilia
1472 2426 1673 2467 portabant

182 2487 370 2528 magisque
391 2486 522 2518 dandis
544 2497 656 2528 quam
677 2487 896 2529 accipiendis
918 2487 1103 2518 beneficiis
1125 2487 1305 2517 amicitias
1328 2485 1519 2528 parabant.

277 2635 295 2657 2
312 2626 424 2657 dissili
441 2633 467 2659 P
691 2628 751 2659 alii
767 2628 836 2659 alio
866 2634 893 2660 B
923 2628 1028 2668 (alius
1041 2628 1126 2666 corr)
1144 2627 1241 2669 [NT]
1267 2634 1296 2660 ls
1499 2638 1516 2667 3
1538 2636 1672 2657 memo-

182 2688 266 2716 ratu
279 2688 420 2716 ex-tum
442 2686 516 2718 P¹D
757 2687 809 2717 ita
831 2687 932 2717 breui
952 2706 999 2710 -—
1018 2686 1118 2718 facta
1139 2690 1217 2717 erat
1238 2696 1292 2717 om
1315 2681 1357 2716 52'
1379 2687 1467 2717 inest
1490 2688 1527 2717 in
1548 2686 1674 2727 paucis

182 2744 328 2783 integris
348 2747 378 2775 et
397 2745 437 2775 in
456 2748 593 2786 papyro
614 2745 887 2784 Grenfell-Hunt
912 2746 963 2776 VI
984 2747 1030 2777 N.
1053 2747 1121 2784 884
1144 2745 1257 2785 (facta
1277 2747 1343 2783 est)
1538 2747 1558 2775 6
1580 2754 1673 2774 mor-

183 2802 315 2834 talium
335 2804 387 2835 bis
409 2815 433 2835 n
729 2805 748 2834 8
769 2804 992 2846 finitimique
1015 2804 1140 2846 populi
1162 2816 1185 2835 n
1462 2799 1623 2850 tenifflre
1647 2808 1674 2834 P

186 2862 274 2902 (corr
294 2872 328 2893 m
349 2862 382 2901 2)
577 2858 711 2907 pauci11
738 2863 768 2901 (s
787 2863 875 2902 eras)
899 2876 918 2894 e
1131 2872 1171 2893 10
1192 2862 1418 2895 festinabant
1460 2863 1500 2893 12²
