2028 3261
327 219 379 258 54
809 217 847 246 C.
890 218 1110 250 SALLVSTI
1151 217 1301 248 CRISPI

325 323 658 374 aggrederetur3
708 322 820 362 alius
869 327 1022 362 autem
1071 321 1222 369 alium,
1272 323 1349 363 sed
1396 323 1475 363 filii
1524 324 1811 375 familiarum,

325 406 518 438 Quorum
554 407 608 433 ex
630 392 869 433 nobilitate
905 405 1120 432 maxuma
1156 405 1260 443 pars
1295 398 1405 440 erat,
1443 396 1643 443 parentis
1677 396 1813 436 inter-

322 464 523 511 ficerent;
567 462 699 503 simul
740 463 876 503 caede
917 469 963 503 et
1002 461 1210 502 incendio
1249 463 1464 512 perculsis
1505 465 1714 506 omnibus
1755 467 1811 507 ad

277 547 300 586 3
324 534 565 576 Catilinam
600 538 901 586 erumperent.
967 532 1084 573 inter
1119 533 1229 573 haec
1263 538 1425 586 parata
1460 539 1598 586 atque
1632 536 1812 577 decreta

323 605 546 657 Cethegus
578 618 752 657 semper
785 603 1058 656 querebatur
1090 603 1144 643 de
1175 603 1357 655 ignauia
1388 603 1611 645 sociorum
1645 618 1651 645 ;
1714 605 1812 647 illos
1833 616 1857 658 5

321 675 576 716 dubitando
611 680 657 715 et
692 675 785 715 dies
820 674 1092 728 prolatando
1126 687 1313 726 magnas
1348 674 1684 727 oportunitates
1718 689 1810 717 cor-

320 758 540 798 rumpere;
579 744 714 792 facto,
753 758 844 785 non
879 745 1087 785 consulto
1121 744 1167 784 in
1203 745 1282 784 tali
1319 745 1517 797 periculo
1553 760 1666 799 opus
1700 759 1808 795 esse;

319 829 470 868 seque,
523 815 558 855 si
596 815 728 867 pauci
769 815 1053 862 adiuuarent,
1094 815 1414 867 languentibus
1453 815 1549 856 aliis
1586 816 1811 870 impetum

271 899 297 939 4
318 887 364 928 in
403 885 576 926 curiam
597 885 840 925 facturum.
864 890 1029 925 natura
1044 885 1183 932 ferox,
1200 885 1456 934 uehemens,
1476 900 1613 927 manu
1627 901 1809 941 promp-

317 964 392 998 tus
421 962 532 1003 erat,
564 969 832 996 maxumum
861 956 1033 996 bonum
1062 955 1108 994 in
1137 955 1365 996 celeritate
1394 957 1604 1009 putabat.
1827 968 1880 998 10

244 1038 294 1076 44
414 1027 502 1069 Sed
542 1026 804 1079 Allobroges
843 1041 898 1066 ex
937 1031 1180 1080 praecepto
1221 1025 1442 1067 Ciceronis
1464 1041 1542 1080 per
1565 1028 1810 1070 Gabinium

318 1105 491 1140 ceteros
526 1097 817 1138 conueniunt.
885 1097 942 1137 ab
976 1097 1184 1144 Lentulo,
1223 1096 1431 1148 Cethego,
1468 1097 1662 1147 Statilio,
1698 1099 1810 1140 item

317 1169 468 1211 Cassio
505 1168 742 1221 postulant
778 1168 847 1208 ius
882 1168 1139 1215 iurandum,
1180 1167 1301 1219 quod
1338 1167 1567 1220 signatum
1605 1169 1662 1209 ad
1699 1169 1809 1210 ciuis

314 1240 559 1294 perferant:
595 1238 723 1279 aliter
755 1239 879 1279 haud
910 1238 1039 1278 facile
1070 1252 1145 1279 eos
1177 1238 1233 1278 ad
1265 1243 1448 1278 tantum
1479 1239 1713 1291 negotium
1741 1239 1808 1280 in-

269 1322 292 1351 2
314 1311 417 1364 pelli
460 1323 603 1363 posse.
668 1310 803 1350 ceteri
836 1309 945 1349 nihil
978 1309 1259 1362 suspicantes
1292 1309 1417 1357 dant,
1452 1308 1630 1350 Cassius
1662 1316 1805 1351 semet
1826 1320 1878 1364 15

313 1396 365 1422 eo
401 1380 528 1422 breui
568 1386 812 1420 uenturum
849 1380 1098 1433 pollicetur,
1140 1393 1190 1420 ac
1227 1380 1363 1432 paulo
1401 1385 1507 1420 ante
1543 1380 1716 1432 legatos
1752 1394 1808 1422 ex

266 1464 290 1503 3
312 1452 422 1493 urbe
449 1450 762 1505 proficiscitur.
822 1451 1042 1494 Lentulus
1069 1464 1172 1490 cum
1199 1450 1252 1490 iis
1278 1449 1326 1490 T.
1357 1450 1641 1491 Volturcium
1670 1464 1807 1504 quen-

312 1523 419 1563 dam
453 1522 792 1563 Crotoniensem
826 1521 984 1569 mittit,
1021 1526 1073 1561 ut
1106 1521 1382 1573 Allobroges,
1417 1520 1541 1574 prius
1576 1535 1714 1574 quam
1729 1522 1806 1563 do-

313 1607 438 1634 mum
479 1598 729 1646 pergerent,
773 1605 877 1632 cum
920 1591 1112 1633 Catilina
1155 1592 1262 1631 data
1306 1597 1446 1644 atque
1487 1598 1674 1646 accepta
1714 1592 1806 1633 fide

262 1678 289 1717 4
310 1663 576 1705 societatem
612 1662 948 1703 confirmarent.
1016 1662 1111 1716 ipse
1146 1661 1380 1703 Volturcio
1415 1662 1590 1703 litteras
1627 1662 1684 1703 ad
1721 1662 1800 1704 Ca·
1822 1675 1877 1705 20

309 1734 489 1775 tilinam
537 1734 631 1781 dat,
666 1747 858 1786 quarum
890 1733 1148 1786 exemplum
1179 1732 1296 1772 infra
1327 1732 1546 1786 scriptum
1577 1738 1657 1774 est.

405 1863 432 1884 1.
484 1854 595 1884 Prz'sc.
636 1854 679 1883 II
720 1857 743 1894 p
770 1863 836 1892 199
863 1854 908 1883 Κ.
937 1854 1066 1883 dicitur
1091 1856 1206 1883 tamen
1231 1855 1260 1882 et
1288 1852 1395 1894 ’pater
1420 1852 1592 1890 jamilz'ae’
1619 1856 1649 1883 et
1677 1852 1803 1894 'patres

305 1912 480 1951 familiae’
502 1916 531 1942 et
555 1912 799 1950 ’familiarum’
822 1916 851 1942 et
875 1911 1060 1950 'familiis'.
1083 1931 1129 1934 —
1149 1930 1195 1934 —
1214 1930 1270 1942 —.
1295 1912 1485 1942 Sallustius
1509 1913 1545 1942 in
1568 1912 1802 1943 Catilz’narz'o:

306 1971 368 2002 sed
398 1970 464 2001 filii
492 1970 726 2007 familiarum,
757 1980 914 2011 quorum
943 1981 959 2000 e
988 1969 1182 2000 nobilitate
1211 1969 1373 2000 maxima
1401 1979 1484 2011 pars
1512 1973 1600 2008 erat,
1631 1972 1802 2011 parentes

305 2030 569 2060 interficerent.

402 2098 454 2120 11.
506 2089 606 2119 Proh.
634 2089 691 2119 11⁷
714 2093 737 2129 ρ
764 2097 830 2127 124
855 2089 900 2118 K.
927 2089 1116 2129 quaeritur,
1143 2088 1184 2118 ab
1209 2097 1246 2118 eo
1270 2087 1360 2128 quod
1383 2088 1473 2118 dixit
1499 2087 1710 2118 Sallustius:
1740 2086 1803 2118 sed

304 2148 517 2187 Allobroges
550 2158 593 2178 ex
626 2153 821 2188 praecepto
855 2147 1035 2178 Ciceronis
1067 2147 1290 2178 nominatim
1322 2156 1406 2177 casu
1437 2147 1576 2177 uulneri
1607 2147 1802 2187 singularis

304 2207 332 2238 A
341 2207 513 2247 llobrogus
532 2217 578 2237 an
596 2207 795 2246 Allobroges
814 2207 924 2244 jacere
943 2206 1070 2236 debeat.

400 2369 412 2389 1
440 2341 664 2389 famularum
691 2364 723 2390 Κ
748 2345 983 2389 familiarium
1008 2371 1025 2390 e
1355 2367 1372 2388 2
1399 2368 1531 2398 magna
1556 2368 1639 2400 pars
1665 2369 1683 2397 γ

610 2428 626 2457 7
653 2418 819 2449 consulto
843 2418 917 2459 [1³¹]
941 2416 1325 2459 2*[N]K[11]31²T[m1
1349 2417 1534 2458 consultu]
1558 2417 1695 2458 Flsn[e]
1718 2427 1800 2448 con-

302 2477 475 2507 sultando
508 2476 750 2508 HNHDMme
1116 2486 1154 2506 12
1185 2480 1223 2506 at
1255 2476 1394 2507 lentulo
1425 2476 1498 2507 P¹B
1533 2487 1552 2506 a
1586 2476 1724 2506 lentulo
1759 2478 1799 2508 Ρ2

609 2545 648 2574 13
670 2535 933 2576 postulandum
956 2530 997 2565 F'
1022 2535 1225 2576 (postulant
1250 2545 1323 2565 corr
1350 2536 1494 2574 TDMF)
1523 2535 1763 2575 postulabant
1786 2542 1798 2568 1

576 2594 772 2625 iurandum
796 2595 859 2632 bis,
886 2595 988 2625 semel
1012 2604 1088 2624 eras
1116 2599 1141 2624 P
1478 2603 1516 2633 14
1538 2594 1583 2624 ad
1605 2595 1697 2633 (ante
1717 2598 1797 2625 tan-

302 2654 393 2693 tum)
416 2664 457 2684 ex
475 2664 521 2683 an
542 2659 568 2684 P
910 2653 1047 2694 impelli
1067 2662 1170 2693 posse
1186 2654 1225 2683 'liz
1248 2663 1303 2684 ras
1326 2658 1353 2684 B
1753 2663 1792 2693 15

300 2711 391 2742 (lant
424 2711 677 2743 iusiurandum
712 2712 847 2742 cassius
882 2712 968 2743 ΗΜ2
1241 2714 1282 2743 16
1310 2715 1508 2742 uenturum
1542 2711 1644 2742 breui
1677 2723 1700 2742 n

494 2772 534 2802 18
557 2771 842 2802 crotoniensium
864 2783 881 2801 e
1116 2780 1159 2800 20
1181 2770 1400 2801 confirment
1427 2768 1476 2807 (ar
1496 2768 1545 2807 ss)
1569 2782 1586 2801 e

300 2839 339 2860 21
372 2829 467 2860 infra
494 2840 548 2860 om
576 2835 587 2861 l
