2028 3261
302 208 356 237 20
798 206 836 235 C.
871 206 1091 238 SALLVSTI
1125 206 1276 237 CRISPI

303 327 371 354 res
404 313 679 366 sapientium
712 312 886 353 animos
918 311 1127 364 fatigant,
1163 325 1218 352 ne
1249 312 1311 352 illi
1335 314 1559 366 corruptis
1590 315 1792 356 moribus

303 383 518 424 uictoriae
549 388 867 436 temperarent.

232 464 280 502 12
398 456 649 506 Postquam
687 452 874 494 diuitiae
911 453 1067 494 honori
1107 466 1200 493 esse
1239 466 1434 506 coepere,
1464 459 1509 494 et
1537 468 1610 495 eas
1636 456 1788 508 gloria,

302 524 555 578 imperium,
598 523 805 577 potentia
844 524 1162 576 sequebantur,
1206 523 1440 565 hebescere
1480 523 1638 573 uirtus,
1680 540 1790 579 pau-

302 600 455 649 pertas
495 595 660 648 probro
701 594 869 641 haberi,
913 594 1171 634 innocentia
1212 608 1293 646 pro
1335 595 1644 636 maliuolentia
1686 596 1789 637 duci
1835 605 1859 647 5

254 677 279 707 2
304 665 464 718 coepit.
523 665 660 717 igitur
685 679 741 705 ex
767 664 938 705 diuitiis
963 664 1250 705 iuuentutem
1277 665 1454 706 luxuria
1481 671 1619 718 atque
1646 667 1790 708 auari-

303 735 367 776 tia
408 749 511 776 curn
552 734 762 787 superbia
791 734 1006 775 inuasere:
1040 749 1208 788 rapere,
1241 750 1515 783 consumere,
1549 751 1630 777 sua
1659 737 1789 790 parui

302 805 510 859 pendere,
548 804 694 845 aliena
729 818 903 857 cupere,
941 806 1174 858 pudorem,
1213 806 1493 859 pudicitiam,
1532 807 1688 848 diuina
1723 813 1791 849 at·

303 889 389 928 que
424 876 625 916 humana
660 875 928 928 promiscua,
966 875 1076 915 nihil
1111 875 1237 928 pensi
1272 890 1417 929 neque
1453 878 1675 919 moderati
1712 879 1789 920 ha-

252 957 278 999 3
301 945 416 987 bere.
475 959 635 999 operae
661 945 858 999 pretium
884 951 964 993 est,
993 959 1096 986 cum
1123 946 1281 987 domos
1307 952 1445 1000 atque
1471 947 1600 989 uillas
1625 963 1786 1002 cogno-
1809 959 1862 990 10

302 1016 419 1058 ueris
447 1016 493 1056 in
522 1016 703 1057 urbium
733 1017 920 1057 modum
949 1016 1284 1064 exaedificatas,
1316 1017 1458 1058 uisere
1486 1020 1658 1072 templa
1687 1020 1791 1061 deo-

302 1100 415 1135 rum,
451 1101 567 1140 quae
598 1086 739 1127 nostri
771 1086 974 1134 maiores,
1009 1086 1341 1139 religiosissumi
1374 1089 1599 1137 mortales,
1633 1090 1788 1131 fecere.

251 1169 281 1211 4
302 1171 461 1198 uerum
490 1157 550 1197 illi
581 1157 768 1198 delubra
798 1157 985 1198 deorum
1014 1157 1197 1210 pietate,
1231 1158 1389 1199 domos
1417 1173 1521 1200 suas
1550 1160 1689 1212 gloria
1718 1161 1792 1201 de-

303 1275 417 1306 initiis
444 1276 560 1306 malos
587 1275 708 1306 exitus
734 1275 876 1307 habuit.
906 1275 1041 1317 quippe
1068 1276 1248 1307 secundae
1273 1286 1339 1313 res,
1368 1287 1454 1317 quae
1481 1277 1703 1318 sapientium
1718 1278 1792 1309 ani-

303 1344 381 1365 mos
407 1334 577 1375 fatigant,
606 1336 717 1375 magis
744 1335 825 1366 huic
853 1335 1040 1374 offzteismzt.
1068 1352 1114 1356 —
1140 1335 1251 1366 Prisc.
1281 1336 1348 1366 III
1373 1340 1397 1376 p
1425 1345 1467 1376 99
1495 1337 1540 1367 Κ.
1571 1336 1635 1368 'ne'
1662 1347 1792 1378 quoque

301 1395 340 1424 in
374 1394 491 1425 eadem
527 1395 711 1425 inuenitur
743 1395 1017 1434 significatione.
1071 1395 1263 1426 Sallustius
1299 1397 1335 1426 in
1370 1396 1601 1426 Catilinario:
1658 1396 1792 1438 quippe

300 1453 482 1484 secundae
505 1462 560 1483 res
583 1453 807 1494 sapientium
831 1453 970 1484 animos
994 1453 1164 1494 fatigant,
1190 1463 1234 1484 ne
1258 1454 1308 1484 illi
1332 1454 1511 1495 corruptis
1534 1455 1696 1486 moribus
1719 1455 1792 1486 uic-

302 1511 416 1542 toriae
439 1515 697 1552 temperarent.
740 1512 816 1543 Ibd.
839 1516 863 1553 p
885 1521 953 1552 503
976 1513 1080 1544 'dum’
1102 1530 1149 1534 —
1168 1530 1214 1534 —
1233 1517 1281 1544 est
1301 1517 1416 1544 tamen
1437 1515 1542 1544 etiam
1563 1518 1625 1554 pro
1646 1516 1792 1545 coniun—

298 1572 411 1602 ctione
433 1571 603 1611 repletiua
625 1575 661 1602 ut
680 1589 787 1593 —-—-
806 1575 854 1602 et:
898 1572 1035 1602 nedum
1056 1571 1106 1602 illi
1127 1572 1307 1613 corruptis
1328 1571 1490 1603 moribus
1509 1572 1685 1604 uictoriae
1701 1577 1790 1604 tem-

302 1634 480 1671 perarent.
504 1647 550 1652 —
571 1630 616 1668 Cf
639 1630 780 1662 Trebell.
803 1631 892 1661 Poll.
917 1633 993 1662 uita
1015 1632 1139 1662 Claud.
1165 1641 1239 1672 Ile
1261 1631 1428 1662 secundis
1449 1631 1556 1662 rebus
1577 1631 1674 1671 elati,
1697 1642 1791 1673 quae

301 1688 523 1730 sapientium
544 1698 689 1730 quoque
711 1690 851 1721 animos
872 1689 1041 1731 fatigant.

396 1760 427 1788 4.
478 1749 523 1787 Cf
547 1748 670 1789 Heges.
704 1749 732 1779 Γ
759 1758 854 1789 ἕψω
879 1754 1077 1790 paupertas
1103 1750 1234 1790 probro
1259 1749 1426 1780 habetur.

394 1816 426 1843 9.
472 1808 517 1846 Cs
535 1809 626 1840 Dict.
649 1809 669 1838 I
691 1818 709 1848 7
729 1808 818 1839 nihil
837 1808 939 1849 pensi
959 1812 1022 1839 aut
1044 1808 1199 1839 consulti
1219 1808 1410 1849 patientes.
1443 1825 1491 1830 ——-
1521 1808 1622 1849 Sulp.
1645 1809 1724 1840 Seu.
1747 1809 1791 1839 II

299 1875 377 1906 50.2
401 1865 490 1897 nihil
514 1867 615 1908 pensi
639 1867 728 1897 nihil
750 1867 868 1898 sancti
891 1867 1070 1899 habuisse.

399 1934 450 1956 10.
500 1926 612 1958 Prisc.
639 1927 707 1957 III
731 1931 754 1967 p
778 1935 846 1966 370
869 1927 916 1957 Κ.
943 1927 1135 1958 Sallustius
1160 1928 1196 1958 in
1223 1928 1454 1959 Catilinario.
1480 1936 1563 1957 cum
1586 1925 1713 1958 domos
1737 1930 1790 1958 at-

301 1994 372 2026 que
391 1984 496 2016 uillas
513 1985 640 2016 uideas
657 1985 695 2016 in
713 1985 860 2016 urbium
878 1985 1029 2016 modurn
1048 1986 1318 2017 exaedificatas

399 2053 450 2082 13.
503 2045 600 2075 Seru.
629 2045 674 2076 ad
698 2045 787 2076 Aen.
816 2045 836 2075 I
862 2046 929 2085 378
957 2045 1043 2076 ’sum
1071 2047 1153 2086 pius
1179 2044 1329 2076 :leneas'
1355 2063 1461 2067 —-—
1484 2049 1545 2076 aut
1559 2049 1642 2076 certe
1660 2049 1790 2076 uetuste

299 2104 463 2144 pietatem
484 2108 546 2144 pro
568 2105 731 2144 religione
752 2105 880 2145 posuit.
927 2104 1119 2135 Sallustius
1142 2106 1178 2135 in
1201 2105 1378 2135 Catilina:
1421 2114 1551 2134 uerum
1569 2104 1620 2134 illi
1640 2103 1791 2135 delubra

302 2161 411 2192 deum
446 2162 594 2203 pietate,
632 2163 759 2193 domos
794 2173 878 2194 suas
913 2163 1025 2203 gloria
1056 2163 1289 2194 decorabant.
1325 2182 1372 2186 —-
1406 2164 1518 2194 Prisc.
1542 2163 1586 2193 II
1606 2167 1630 2204 p
1652 2172 1719 2202 310
1740 2163 1787 2194 K.

302 2221 492 2253 Sallustius
513 2224 551 2253 in
575 2222 806 2253 Catilinario:
827 2222 955 2254 domos
976 2233 1059 2254 suas
1080 2222 1192 2263 gloria
1218 2223 1451 2253 decorabant.

398 2396 411 2418 1
435 2386 569 2417 nedum
591 2392 651 2417 Hn
666 2386 754 2417 dum
768 2397 801 2417 ss
817 2397 849 2417 m
865 2396 884 2417 2
908 2387 1114 2418 P¹P²BTMs
1266 2397 1283 2418 2
1306 2391 1552 2428 temperarent
1567 2386 1790 2419 XNKlsnme

305 2445 364 2485 (ob
392 2456 425 2476 ss
455 2445 572 2481 BNK)
613 2446 917 2486 obtemperarent
959 2437 1052 2477 1>⁴F'
1089 2447 1353 2488 (temperarent
1374 2456 1408 2477 ss
1425 2452 1462 2478 M
1486 2457 1559 2477 corr
1585 2449 1622 2485 F)

302 2516 321 2544 4
346 2505 593 2545 sequebantur
620 2510 672 2535 Fn
703 2505 929 2545 sequebatur
955 2505 1016 2535 rell
1038 2500 1088 2547 [cf
1115 2506 1206 2536 Prol.
1233 2515 1255 2546 p
1283 2500 1364 2548 108]
1512 2501 1726 2551 {lrubescere
1753 2505 1787 2545 (h

298 2573 375 2594 eras
399 2573 442 2594 ru
464 2564 569 2599 obliti)
605 2569 632 2595 N
660 2559 870 2609 efflbescere
900 2564 955 2603 (ru
980 2566 1067 2598 eras)
1101 2569 1135 2595 K
1161 2564 1368 2594 erubescere
1392 2577 1406 2595 s
1577 2559 1789 2610 efflbesccre

299 2622 419 2663 caepit
444 2622 561 2653 uirtus
585 2627 619 2653 K
740 2632 760 2659 9
779 2622 984 2663 promiscua
1002 2633 1042 2653 ex
1067 2622 1239 2653 —111istuco
1275 2623 1312 2654 Pl
1433 2623 1637 2663 promiscua
1656 2623 1790 2653 habere

299 2681 461 2722 nihilque
503 2686 537 2713 K
798 2690 915 2721 neque
936 2681 1115 2712 moderati
1156 2680 1247 2712 PBI’
1285 2685 1395 2722 atque
1417 2682 1512 2712 mod.
1538 2682 1660 2713 P⁴M2T
1688 2681 1785 2721 (corr)

300 2745 391 2772 Dme
419 2740 580 2781 nihilque
604 2740 699 2771 mod.
728 2740 812 2771 P¹P2
838 2750 954 2781 neque
978 2740 1177 2781 quicquam
1201 2741 1295 2771 mod.
1323 2753 1344 2771 n
1511 2750 1547 2771 11
1575 2740 1788 2771 aedificatas

300 2822 436 2854 P¹MFn
634 2801 755 2863 uiZe-re
780 2827 791 2853 l
986 2832 1025 2853 12
1051 2822 1170 2853 facere
1222 2824 1304 2854 NM²
1333 2823 1437 2861 (bant
1462 2824 1507 2862 ss)
