2028 3261
306 151 360 202 36
817 159 854 189 e.
890 159 1110 191 sALLvsTI
1143 159 1293 189 emspr

256 279 281 309 2
306 267 460 308 daciae
508 266 708 307 facinora
767 265 1050 306 conmiserat.
1119 265 1229 305 haec
1264 266 1422 306 mulier
1458 280 1615 318 genere
1658 271 1795 318 atque

306 337 466 384 forma,
518 341 750 389 praeterea
782 336 878 376 uiro
917 341 1055 387 atque
1092 335 1241 376 liberis
1278 336 1388 376 satis
1424 336 1661 377 fortunata
1691 336 1793 384 fuit,

307 407 469 448 litteris
498 407 696 454 Graeciss
722 406 897 450 Latinis
925 406 1073 452 docta,
1104 405 1291 458 psallere
1321 406 1400 456 [et]
1432 406 1595 446 saltare
1623 407 1796 458 elegan-

308 478 397 519 tius
423 491 560 530 quam
585 491 762 518 necesse
787 482 855 518 est
880 477 1060 530 probae,
1090 476 1234 516 multa
1259 476 1358 523 alia,
1387 490 1502 528 quae
1526 476 1796 517 instrumen-

259 560 284 602 3
307 554 356 590 ta
384 548 588 589 luxuriae
617 554 736 589 sunt.
798 548 875 588 sed
904 547 941 587 ei
972 547 1143 587 cariora
1171 560 1346 600 semper
1375 547 1527 587 onmia
1557 560 1694 599 quam
1723 546 1796 587 de·
1818 555 1841 597 5

308 633 386 660 cus
415 624 552 671 atque
581 618 801 671 pudicitia
828 618 928 666 fuit;
960 617 1176 670 pecuniae
1206 631 1263 657 an
1292 617 1440 658 famae
1470 617 1618 657 minus
1645 630 1796 669 paree-

307 696 388 737 ret,
419 689 541 729 haud
568 689 697 729 facile
725 689 1008 736 discerneres;
1039 688 1194 729 lubido
1222 688 1283 728 sic
1311 701 1510 735 accensa,
1540 692 1593 727 ut
1619 687 1798 740 saepius

258 773 285 814 4
306 765 482 814 peteret
506 759 625 799 uiros
650 772 788 811 quam
812 764 1052 811 peteretur.
1109 759 1187 799 sed
1210 773 1262 799 ea
1286 772 1418 811 saepe
1442 758 1636 798 antehac
1658 757 1797 798 fidem

306 889 419 920 quam
452 887 597 908 neeesse
620 877 767 918 probae,
792 877 910 907 multa
933 876 1003 906 alia
1025 886 1118 917 quae
1140 877 1385 908 instrumenta
1407 877 1570 907 luxuriae
1593 879 1688 907 sunt.
1733 876 1797 907 sed

305 938 338 969 ei
362 937 500 968 cariora
523 936 646 966 onmia
670 945 782 976 quam
804 936 925 966 decus.
945 960 950 966 .
971 961 976 966 .
997 961 1002 966 .

403 1007 431 1027 1.
482 996 594 1026 Prisc.
635 996 702 1025 III
739 999 762 1035 j>
803 995 868 1025 286
909 995 955 1025 K.
982 995 1038 1025 illi
1066 993 1160 1033 ’γένεε
1191 993 1347 1030 noriano?
1384 993 1436 1024 καὶ
1466 993 1579 1033 ’γένος’
1609 1013 1656 1016 -
1679 995 1795 1026 Sallu-

303 1058 393 1087 stius
426 1057 464 1086 in
498 1056 730 1086 Catilinari0:
762 1054 850 1085 haec
882 1053 1011 1084 mulier
1042 1063 1169 1094 genere
1201 1057 1312 1094 atque
1343 1053 1471 1091 forma,
1505 1059 1692 1094 praeterea
1717 1054 1796 1085 uiro

305 1119 418 1157 atque
441 1115 562 1145 liberis
586 1113 674 1144 satis
698 1113 887 1144 fortunata
911 1113 991 1144 fuit.

400 1184 429 1206 2.
475 1175 581 1204 Arus.
611 1173 685 1203 VII
708 1177 731 1213 p
752 1182 819 1213 473
839 1173 884 1204 Κ.
909 1172 1117 1211 'sortumatus
1139 1173 1199 1203 illa
1220 1172 1277 1210 γε’,
1300 1172 1372 1203 Sal.
1392 1162 1550 1216 (Cata.).·
1568 1172 1657 1209 uiro,
1678 1172 1799 1203 liberis

304 1234 396 1266 satis
446 1233 638 1264 fortunata
669 1232 750 1263 fuit.
783 1251 830 1254 —
860 1232 1040 1272 Eugraplz.
1074 1232 1120 1262 ad
1150 1232 1261 1262 Andr.
1296 1232 1316 1261 I
1349 1240 1420 1271 1.70
1454 1230 1608 1262 ’laudare
1638 1231 1798 1269 fortunas

304 1293 411 1325 meas'
455 1293 582 1333 ubique
611 1292 772 1330 fortunae
807 1291 1018 1329 attribuitur,
1057 1291 1147 1331 quod
1180 1291 1261 1321 bom·
1288 1291 1470 1329 filiisunt,
1490 1294 1525 1321 ut
1540 1293 1570 1321 et
1587 1291 1798 1322 Sallustius:

306 1356 497 1394 praeterea
520 1351 612 1390 uiro,
643 1350 764 1395 liberis
792 1351 882 1382 satis
910 1351 1110 1381 fortunata.

401 1421 430 1449 3.
479 1412 586 1442 Arus.
618 1410 691 1440 VII
714 1414 737 1451 j)
760 1411 827 1449 464
850 1411 896 1441 K.
923 1410 1050 1440 ’doctus
1076 1410 1137 1439 illa
1159 1408 1217 1447 re',
1242 1409 1314 1440 S'al.
1340 1409 1465 1439 Catu..-
1510 1408 1641 1440 litteris
1663 1407 1799 1449 graecis

304 1474 341 1501 et
373 1470 498 1501 latinis
529 1470 648 1500 docta.

399 1529 556 1560 Macrob.
583 1530 655 1560 Sat.
682 1529 749 1559 III
773 1538 848 1568 145
870 1529 956 1568 quid
976 1529 1069 1559 enim
1094 1530 1144 1560 ait
1167 1527 1379 1558 Sallustius:
1402 1527 1565 1568 psallere,
1581 1527 1716 1558 saltare
1730 1526 1798 1557 ele-

305 1589 452 1630 gantius
476 1598 587 1629 quam
611 1598 754 1619 necesse
779 1590 833 1618 est
857 1587 1010 1628 probae?
1037 1587 1121 1620 adeo
1144 1591 1174 1618 et
1198 1588 1272 1628 ipse
1298 1587 1545 1628 Semproniam
1568 1586 1796 1628 reprehendit,

304 1659 374 1679 non
397 1649 487 1688 quod
507 1649 634 1679 saltare
656 1649 715 1678 sed
734 1648 824 1688 quod
845 1648 971 1687 optime
993 1648 1118 1678 scierit.
1141 1666 1188 1669 -—
1209 1647 1306 1677 Seru.
1331 1647 1376 1678 ad
1395 1647 1486 1677 Aen.
1510 1646 1568 1676 IV
1589 1645 1631 1676 62
1655 1644 1798 1685 'spatia-

304 1711 361 1738 tur
397 1708 443 1738 ad
479 1707 571 1738 aras'
611 1711 788 1738 matronae
825 1707 921 1737 enirn
961 1706 1223 1745 sacrificaturae
1262 1706 1354 1737 circa
1390 1715 1470 1737 aras
1492 1705 1628 1743 faculas
1648 1707 1799 1736 tenentes

304 1767 515 1805 ferebantur,
542 1767 633 1806 quod
657 1777 733 1796 cum
760 1766 908 1805 quodam
934 1769 1029 1805 gestu
1054 1766 1170 1803 siebat.
1198 1765 1288 1795 unde
1315 1764 1525 1795 Sallustius:
1573 1764 1706 1795 saltare
1731 1763 1798 1794 ele-

306 1825 455 1865 gantius
475 1835 586 1866 quam
607 1835 749 1856 necesse
769 1826 825 1855 est
844 1824 989 1865 probae.
1036 1825 1133 1855 Idem
1154 1825 1199 1854 ad
1217 1824 1294 1854 Geo.
1318 1824 1337 1854 Ι
1358 1832 1424 1863 350
1446 1823 1567 1854 'motus
1589 1824 1798 1863 incomposi-

305 1884 367 1916 tos'
394 1885 418 1915 i.
446 1895 472 1915 e.
500 1886 721 1915 saltationem
748 1887 867 1924 aptam
894 1884 1056 1923 religioni
1081 1894 1140 1914 uec
1166 1893 1206 1914 ex
1231 1883 1304 1914 ulla
1329 1886 1399 1913 arte
1425 1883 1631 1913 uenientem.
1682 1882 1799 1913 Sallu—

305 1945 415 1975 stius:
464 1944 597 1974 saltare
624 1943 824 1983 elegantius
851 1953 960 1984 quani
987 1953 1020 1973 n.
1049 1953 1077 1973 e.
1106 1943 1250 1984 probae.
1278 1961 1325 1965 —
1350 1942 1522 1981 Eutyches
1554 1941 1582 1971 V
1607 1946 1630 1982 p
1657 1949 1724 1981 477
1749 1941 1796 1972 K.

309 2002 444 2043 ’psallo’
471 2012 629 2043 graesum
658 2003 795 2043 psallis
824 2006 859 2033 ut
886 2002 1076 2033 Sallustius
1105 2003 1140 2033 in
1169 2002 1401 2033 Catsli'narz'o:
1427 2001 1578 2041 psallere
1603 2007 1640 2031 et
1666 1999 1799 2031 saltare

307 2061 510 2102 elegantius
537 2072 648 2102 quam
674 2071 819 2092 necesse
846 2065 924 2092 erat
951 2062 1095 2102 probae.

406 2248 417 2268 1
438 2238 620 2268 commisit
639 2239 729 2279 (erat
745 2238 790 2276 ss)
811 2251 846 2269 m
993 2247 1008 2268 2
1030 2237 1108 2267 uiro
1126 2237 1247 2267 liberis
1267 2237 1305 2267 P1
1327 2237 1451 2277 (atque
1469 2236 1514 2273 ss)
1537 2248 1572 2266 m
1591 2234 1669 2266 uiro
1689 2237 1800 2275 atque

306 2297 429 2328 liberis
445 2292 486 2327 ,ρ’
510 2295 557 2342 [cf
576 2298 665 2329 Prol,
683 2307 705 2338 p
726 2307 799 2336 129,
822 2290 900 2337 182]
1102 2306 1119 2335 3
1135 2295 1271 2336 graecis
1292 2298 1327 2325 et
1344 2295 1467 2326 latinis
1483 2293 1731 2326 KNMssTlnme
1746 2303 1797 2334 gr.

308 2360 419 2398 atque
440 2356 562 2387 latinis
585 2356 626 2388 I's
788 2345 792 2346 ⁷
829 2357 979 2398 psallere
1000 2359 1036 2386 et
1057 2350 1099 2385 ‚Q'
1297 2355 1429 2385 saltare
1451 2352 1591 2386 l'lsnme
1612 2356 1648 2383 et
1667 2353 1800 2384 saltare

307 2426 341 2446 ss
374 2417 417 2446 al.
447 2427 478 2446 m
511 2421 544 2447 K
564 2420 712 2446 cantare
730 2414 758 2445 X
779 2416 925 2455 (saltare
945 2426 1018 2446 corr
1039 2424 1093 2445 τηε
1121 2420 1179 2446 PB
1204 2425 1237 2444 ss
1263 2414 1302 2445 1¹¹
1329 2414 1472 2444 'saltare
1495 2413 1603 2443 debet
1623 2411 1691 2452 legi
1707 2415 1799 2443 teste

307 2474 433 2505 Seruio
460 2474 495 2504 in
524 2474 786 2505 commentario
816 2474 967 2515 Yirgilii’
996 2476 1031 2504 ιή
1059 2485 1112 2513 mg
1158 2474 1196 2505 Ι)1
1221 2474 1354 2504 saltare
1379 2475 1413 2503 in
1441 2482 1494 2512 mg
1520 2471 1696 2502 'aduocato
1720 2474 1798 2501 teste

308 2533 444 2564 Seruio'
473 2544 535 2564 ses.
564 2534 703 2564 Dictsclz
730 2532 782 2569 P2)
1050 2545 1068 2572 4
1095 2533 1229 2574 probae
1264 2543 1305 2562 ex
1340 2532 1492 2573 probate
1530 2536 1556 2562 P
1593 2530 1728 2571 probae
1764 2533 1800 2560 et

309 2593 426 2623 multa
452 2605 486 2623 m
690 2592 934 2622 instrumento
962 2598 987 2623 P
1178 2601 1196 2630 5
1222 2591 1285 2622 sed
1313 2594 1348 2621 et
1380 2590 1429 2629 (et
1457 2590 1509 2620 del
1538 2589 1569 2619 ei
1597 2590 1634 2620 in
1664 2589 1729 2629 mg)
1760 2589 1798 2620 Ρι

497 2652 635 2682 cariora
663 2651 694 2681 ei
721 2652 759 2683 P2
950 2654 970 2682 O
999 2650 1098 2680 fuere
1121 2661 1194 2681 corr
1220 2656 1312 2681 ΚΗο
1334 2660 1366 2680 ss
1386 2655 1454 2680 Dm
1647 2657 1664 2687 7
1688 2647 1800 2678 libido

311 2709 458 2743 Pl'lsme
482 2711 630 2742 libidine
656 2709 710 2741 Xn
733 2708 765 2741 -θ
786 2719 841 2741 1122
867 2716 893 2742 P
917 2710 1077 2750 (libidine
1099 2709 1267 2750 figurate)
1298 2713 1481 2741 KHTDFl
1686 2706 1715 2738 si
1737 2710 1800 2747 pro

308 2770 359 2800 sic
384 2776 410 2801 P
618 2770 636 2799 8
663 2769 758 2800 uiros
780 2779 813 2799 ss
840 2770 878 2800 1²2
1090 2772 1276 2810 pateretur
1303 2774 1312 2799 1
