2028 3261
513 250 800 280 covaATro
841 250 1093 282 CATILINAE
1135 241 1179 288 [c.
1214 243 1370 290 22—25]
1623 251 1675 292 35

285 357 352 400 Ea
374 371 442 398 res
463 356 668 410 inprimis
683 357 834 398 studia
848 357 1084 398 hominum
1101 358 1308 398 accendit
1325 358 1381 397 ad
1397 358 1685 398 consulatum
1706 366 1732 408 5

190 428 503 468 mandandum
532 428 591 467 M.
624 427 770 468 Tullio
801 427 1011 468 Ciceroni.
1074 423 1273 479 nanque
1305 432 1441 467 antea
1470 427 1684 479 pleraque
1705 426 1732 467 6

189 498 402 538 nobilitas
442 498 613 538 inuidia
655 497 908 544 aestuabat,
952 502 997 537 et
1039 497 1166 549 quasi
1210 495 1348 549 pollui
1391 497 1682 537 consulatum

190 569 447 615 credebant,
480 568 514 609 si
544 582 647 608 eum
678 567 886 619 quamuis
915 566 1116 619 egregius
1144 567 1284 607 homo
1314 580 1457 607 nouos
1489 567 1683 620 adeptus

142 649 165 689 5
189 638 317 679 foret.
379 638 456 679 sed
485 638 561 678 ubi
590 637 839 690 periculum
868 637 1067 685 aduenit,
1099 637 1274 677 inuidia
1303 642 1442 689 atque
1471 637 1683 690 superbia

190 714 294 762 post
331 709 466 749 fuere.
536 707 673 760 igitur
710 707 904 747 comitiis
942 707 1110 748 habitis
1149 707 1355 748 consules
1394 707 1683 748 declarantur
1703 718 1755 755 24

189 780 248 819 M.
278 779 449 819 Tullius
476 783 522 818 et
550 778 593 819 C.
625 777 862 818 Antonius.
924 777 1045 830 quod
1073 778 1250 818 factum
1278 777 1425 831 primo
1453 778 1685 831 popularis

190 848 510 890 coniurationis
546 854 844 888 concusserat.
913 862 1058 900 neque
1109 854 1267 889 tamen
1305 848 1524 890 Catilinae
1562 848 1686 890 furor

190 919 491 966 minuebatur,
542 919 619 959 sed
666 919 711 958 in
760 918 852 959 dies
900 919 1029 972 plura
1077 919 1261 971 agitare:
1314 933 1439 959 arma
1477 933 1555 972 per
1593 921 1686 960 Ita-
1706 930 1731 960 2

121 1001 172 1030 10
195 990 301 1030 liam
331 989 440 1029 locis
471 989 705 1042 oportunis
736 1003 907 1042 parare,
941 989 1181 1042 pecuniam
1214 1003 1295 1029 sua
1327 995 1407 1029 aut
1438 989 1687 1030 amicorum

190 1060 279 1100 fide
319 1064 554 1112 sumptam
594 1065 803 1099 mutuam
844 1060 1057 1100 Faesulas
1097 1060 1155 1100 ad
1195 1059 1416 1100 Manlium
1459 1060 1687 1112 quendam

189 1136 385 1184 portare,
421 1130 495 1182 qui
528 1136 688 1183 postea
718 1130 925 1183 princeps
956 1129 1043 1170 fuit
1073 1130 1177 1171 belli
1210 1129 1424 1170 faciundi.
1489 1144 1541 1170 ea
1572 1136 1685 1170 tem-
1706 1143 1733 1183 3

189 1206 371 1254 pestate
400 1200 634 1254 plurumos
663 1200 878 1252 cuiusque
908 1200 1079 1253 generis
1105 1201 1311 1241 homines
1338 1200 1580 1242 adsciuisse
1606 1200 1688 1242 sibi

191 1271 371 1318 dicitur,
399 1271 606 1311 mulieres
629 1270 767 1311 etiam
793 1270 980 1323 aliquot,
1008 1285 1122 1323 quae
1147 1271 1295 1324 primo
1318 1270 1514 1323 ingentis
1537 1285 1689 1325 sump-

121 1352 171 1393 15
197 1348 271 1382 tus
292 1347 451 1394 stupro
473 1341 669 1393 corporis
690 1341 1010 1389 tolerauerant,
1034 1348 1138 1394 post
1160 1341 1237 1382 ubi
1261 1348 1387 1382 aetas
1408 1348 1690 1383 tantummo-

192 1412 250 1452 do
293 1411 502 1464 quaestui
545 1425 690 1463 neque
720 1411 923 1452 luxuriae
954 1413 1141 1453 niodum
1170 1407 1354 1459 fecerat,
1388 1426 1461 1453 aes
1493 1412 1689 1453 alienum

191 1483 360 1535 grande
393 1481 718 1522 conflauerant.
784 1496 863 1535 per
895 1496 970 1523 eas
1003 1497 1048 1523 se
1081 1483 1278 1524 Catilina
1312 1483 1526 1524 credebat
1558 1496 1735 1537 posse4

192 1552 377 1594 seruitia
408 1552 584 1592 urbana
616 1552 867 1599 sollicitare,
903 1553 1061 1594 urbem
1093 1553 1345 1601 incendere,
1381 1553 1502 1595 uiros
1533 1567 1690 1594 earum

192 1623 263 1664 uel
307 1623 550 1675 adiungere
593 1622 676 1663 sibi
720 1623 791 1663 uel
833 1623 1098 1664 interficere.

120 1706 175 1736 20
290 1693 377 1736 Sed
405 1693 451 1733 in
479 1692 532 1734 iis
560 1698 657 1734 erat
685 1693 963 1746 Sempronia,
996 1708 1111 1747 quae
1132 1694 1277 1735 multa
1298 1708 1430 1748 saepe
1451 1694 1591 1736 uirilis
1613 1709 1688 1736 au·
1709 1705 1762 1744 25

288 1822 315 1843 1.
361 1812 462 1843 Seru.
484 1812 529 1842 ad
546 1812 634 1843 Aen.
663 1812 760 1842 VIII
779 1812 845 1851 506
867 1811 1086 1852 'mandatque
1106 1812 1276 1852 insigm'a’
1308 1831 1355 1835 -
1371 1831 1418 1835 —
1448 1814 1503 1844 uel
1524 1813 1689 1845 'mandat'

190 1872 353 1911 tradz't‚ut
397 1871 548 1902 dicimus
594 1861 758 1902 mand'atz‘
803 1872 1057 1912 magz'stratmn.
1129 1871 1340 1903 Sallustius:
1369 1872 1415 1903 ad
1460 1873 1693 1904 consulatum

193 1929 449 1962 mandandum
472 1932 520 1961 M.
548 1930 666 1961 Tullio
693 1930 866 1961 Ciceroni.

292 1999 344 2029 14.
387 1990 495 2020 Arus.
524 1990 599 2020 VII
619 1994 642 2031 ρ
665 1998 732 2028 513
753 1991 799 2021 K.
825 1989 938 2020 'tolero
961 1989 1059 2020 illam
1081 1989 1162 2020 renz’
1184 2008 1231 2012 —
1250 2008 1308 2029 —,
1332 1990 1405 2021 Sal.
1430 1991 1555 2022 Catil„-
1598 2001 1693 2033 quae

193 2049 356 2090 primurn
379 2048 545 2089 ingentes
569 2052 740 2090 sumptus
764 2053 892 2090 stupro
917 2050 1076 2090 corporis
1101 2049 1336 2081 tolerauerat.

288 2116 342 2138 20.
388 2108 518 2139 Fronto
550 2108 601 2138 ed.
637 2107 727 2139 Nab.
762 2113 786 2149 p
820 2118 886 2139 IIO
922 2109 1073 2147 (Hauler
1104 2108 1171 2143 Rlz.
1207 2110 1262 2140 ΔἸῘ.
1298 2118 1342 2148 54
1362 2113 1385 2150 p
1408 2109 1487 2148 165)
1506 2109 1569 2140 sed
1587 2108 1623 2140 in
1641 2109 1695 2140 eis

193 2170 272 2199 erat
293 2166 518 2208 Sempronia,
543 2177 636 2208 quae
658 2167 776 2198 multa
797 2177 904 2208 saepe
925 2167 1039 2198 uirilis
1061 2167 1236 2199 audaciae
1257 2167 1420 2199 facinora
1443 2168 1691 2200 commiserat.

192 2227 282 2257 haec
307 2225 436 2256 mulier
461 2236 589 2266 genere
615 2229 726 2267 atque
750 2227 879 2266 forma,
920 2231 1109 2268 praeterea
1133 2227 1225 2265 uiro,
1252 2227 1373 2258 liberis
1392 2227 1483 2257 satis
1500 2227 1695 2258 fortunata

193 2285 275 2316 fuit:
300 2285 430 2316 litteris
452 2285 587 2326 graecis
612 2286 661 2325 (et
683 2286 753 2316 add
774 2287 841 2325 ΜΖ)
866 2286 990 2317 latinis
1012 2285 1132 2326 docta,
1151 2287 1315 2328 psallere,
1334 2287 1468 2318 saltare
1486 2285 1694 2326 elegantius

288 2411 307 2432 2
341 2401 452 2432 mand
481 2398 548 2449 [ΗΗ
577 2404 694 2443 (atum
719 2400 766 2439 ss)
792 2408 803 2434 1
963 2413 1050 2434 nam
1070 2404 1153 2444 (que
1171 2405 1217 2443 ss)
1258 2404 1297 2435 P1
1476 2413 1493 2442 3
1514 2403 1692 2434 inuidiam

196 2461 314 2494 P¹P²B
335 2462 433 2501 (corr)
455 2473 479 2492 n
700 2462 919 2492 aestimabat
944 2461 973 2492 X
998 2463 1085 2502 (corr
1130 2464 1170 2501 B)
1198 2475 1221 2493 n
1422 2466 1458 2492 et
1481 2466 1558 2493 ante
1585 2462 1695 2503 quasi

195 2530 250 2551 om
273 2532 330 2551 me
543 2532 562 2560 4
587 2520 616 2551 si
640 2516 844 2567 ΙΙΗΙΙΗΕΠΠΙ
871 2521 1070 2560 (consulem
1093 2522 1181 2560 eras)
1213 2527 1248 2554 K
1439 2531 1557 2553 nouus
1581 2521 1694 2552 honio

196 2579 307 2610 P⁴MF
523 2588 540 2618 5
567 2582 677 2620 atque
716 2590 749 2610 ss
792 2586 820 2611 B
1026 2580 1205 2611 inuidiam
1226 2583 1338 2622 atque
1359 2581 1569 2622 superbiam
1590 2584 1693 2621 post-

196 2646 349 2678 posuere
371 2649 385 2669 s
644 2648 661 2677 7
684 2639 804 2680 plures
847 2639 929 2672 M²T
955 2640 1052 2679 (corr)
1079 2652 1115 2670 m
1141 2640 1220 2681 (exp
1243 2644 1273 2671 et
1295 2640 1489 2681 populares
1530 2639 1575 2677 ss)
1602 2649 1635 2670 ss
1661 2644 1693 2670 D

403 2705 444 2726 10
467 2706 595 2738 parare
616 2706 753 2727 ex-rere
788 2703 814 2729 P
1051 2708 1156 2729 suam
1173 2702 1239 2729 aut
1275 2699 1528 2731 NKM²TMme
1548 2698 1599 2737 (m
1615 2707 1694 2728 eras

194 2755 358 2793 M²Mme)
557 2764 593 2786 11
625 2756 811 2796 quendam
837 2767 891 2787 om
916 2762 927 2788 l
1122 2766 1161 2795 13
1190 2758 1311 2798 plures
1339 2762 1374 2789 Κ
1569 2765 1607 2795 15
1638 2759 1692 2786 to-

195 2813 361 2845 leuerant
391 2814 444 2853 (ra
470 2813 516 2854 ss)
544 2819 572 2845 Β
768 2824 808 2851 19
828 2815 897 2845 sibi
916 2825 949 2845 ss
986 2828 1003 2846 e
1195 2825 1258 2846 uer
1276 2819 1339 2857 pro
1358 2815 1417 2846 uel
1453 2820 1481 2846 P

195 2882 241 2903 20
270 2872 358 2903 uiris
394 2884 417 2903 n
