2028 3261
293 208 347 249 26
802 219 839 247 c.
871 219 1090 250 sALLvsTr
1119 219 1269 249 cmsm

292 325 612 377 Vargunteius,
646 326 697 378 Q.
730 324 918 368 Annius.
951 326 1009 364 M.
1044 325 1227 365 Porcius
1256 327 1415 373 Laeca,
1447 328 1495 369 L.
1531 328 1700 375 Bestia,
1734 330 1787 381 Q.

245 407 271 448 4
295 396 466 443 Curius;
499 401 733 448 praeterea
763 410 818 436 ex
848 395 1043 447 equestri
1075 395 1230 436 ordine
1260 398 1318 435 M.
1351 396 1541 437 Fuluius
1569 398 1788 447 Nobilior,

294 467 342 510 L.
368 466 589 513 Statilius,
617 469 663 506 P.
690 466 910 507 Gabinius
934 466 1106 518 Capito,
1134 466 1176 506 C.
1204 466 1446 513 Cornelius;
1473 467 1529 507 ad
1553 467 1637 508 hoc
1660 469 1791 509 multi

247 546 270 588 5
294 550 350 577 ex
386 536 572 577 coloniis
607 542 653 577 et
689 536 945 589 municipiis
981 536 1102 576 domi
1140 536 1324 576 nobiles.
1394 543 1523 577 erant
1559 544 1794 590 praeterea

296 607 549 660 complures
563 607 699 660 paulo
714 607 934 648 occultius
948 606 1101 647 consili
1117 606 1299 647 huiusce
1332 607 1576 660 participes
1607 608 1793 658 nobiles,
1821 619 1846 661 5

297 691 409 731 quos
434 677 578 729 magis
602 677 926 719 dominationis
951 691 1051 730 spes
1075 678 1346 718 hortabatur
1372 691 1510 730 quam
1535 678 1689 731 inopia
1714 684 1795 719 aut

247 747 273 788 6
297 748 383 789 alia
407 748 703 788 necessitudo.
761 754 961 788 ceterum
985 748 1199 788 iuuentus
1223 748 1449 801 pleraque,
1477 749 1554 789 sed
1581 763 1794 790 maxume

296 818 530 865 nobilium,
573 817 793 859 Catilinae
830 818 1024 870 inceptis
1062 817 1262 865 fauebat;
1305 819 1468 871 quibus
1506 819 1551 859 in
1592 819 1685 860 otio
1722 819 1794 861 uel

297 887 537 940 magnifice
562 888 633 928 uel
659 888 853 928 molliter
877 888 1029 928 uiuere
1054 888 1183 941 copia
1207 894 1316 935 erat,
1343 889 1515 930 incerta
1541 904 1621 942 pro
1646 890 1792 938 certis,

249 970 273 1012 7
296 959 465 1000 bellum
492 972 628 1011 quam
654 972 813 1012 pacem
840 958 1084 998 malebant.
1141 958 1264 999 fuere
1289 959 1398 999 item
1423 974 1475 1000 ea
1500 966 1788 1013 tempestate,
1814 971 1867 1001 10

299 1029 375 1082 qui
400 1030 633 1070 crederent
659 1031 715 1069 M.
743 1029 966 1072 Licinium
993 1029 1201 1070 Crassum
1225 1043 1316 1069 non
1340 1029 1548 1081 ignarum
1574 1031 1667 1072 eius
1691 1046 1793 1072 con-

298 1100 364 1141 sili
392 1099 541 1147 fuisse;
573 1100 678 1152 quia
708 1100 783 1141 Cn.
817 1099 1071 1152 Pompeius,
1102 1100 1271 1140 inuisus
1298 1099 1395 1152 ipsi,
1427 1114 1645 1152 magnum
1672 1116 1793 1143 exer-

300 1171 441 1211 citum
480 1170 715 1214 ductabat,
756 1170 954 1210 cuiusuis
991 1184 1098 1223 opes
1134 1170 1328 1211 uoluisse
1366 1177 1525 1211 contra
1563 1171 1681 1212 illius
1716 1187 1794 1225 po-

299 1241 493 1282 tentiam
521 1255 727 1288 crescere,
757 1241 890 1281 simul
918 1240 1154 1288 confisum,
1196 1241 1230 1281 si
1264 1241 1516 1282 coniuratio
1563 1242 1792 1291 ualuisset,

299 1312 428 1352 facile
462 1312 583 1364 apud
614 1311 711 1352 illos
742 1311 991 1364 principem
1023 1325 1068 1352 se
1099 1311 1205 1352 fore.
1814 1323 1867 1365 15

235 1393 282 1430 18
398 1382 486 1424 sed
513 1388 647 1422 antea
672 1382 779 1422 item
809 1382 1099 1423 coniurauere
1121 1382 1252 1435 pauci
1268 1388 1425 1423 contra
1441 1397 1534 1423 rem
1550 1383 1793 1435 publicam,

252 1465 276 1493 2
300 1453 346 1493 in
379 1453 478 1505 quis
512 1452 704 1494 Catilina
737 1452 836 1493 fuit.
886 1453 940 1493 de
974 1467 1063 1505 qua
1096 1467 1233 1505 quam
1265 1453 1510 1493 uerissume
1542 1458 1700 1506 potero
1733 1454 1796 1495 di-

299 1537 413 1564 cam.
474 1525 524 1566 L.
557 1522 688 1563 Tullo
719 1529 763 1563 et
794 1523 868 1563 M'.
901 1523 1073 1576 Lepido
1103 1523 1361 1564 consulibus
1392 1525 1438 1563 P.
1472 1524 1723 1565 Autronius
1752 1530 1799 1566 et

301 1596 348 1634 P.
394 1594 518 1635 Sulla
561 1593 783 1646 designati
829 1595 1033 1634 consules
1074 1593 1246 1646 legibus
1290 1594 1491 1634 ambitus
1532 1594 1796 1647 interrogati

394 1722 412 1729 ›-

397 1730 424 1752 1.
476 1712 613 1743 Charis.
653 1712 673 1742 I
709 1716 732 1752 p
759 1721 800 1751 99
827 1712 871 1742 Is.
901 1711 1110 1743 'necessitas’
1138 1713 1281 1752 imperii
1304 1716 1362 1749 est,
1391 1712 1629 1743 'necessitudo'
1655 1715 1798 1754 sangui-

298 1773 356 1802 nis
391 1772 601 1802 coniunctio.
663 1771 855 1802 Sallustius
889 1775 1005 1802 tamen
1040 1772 1331 1801 necessitudinem
1366 1776 1468 1812 saepe
1502 1776 1565 1812 pro
1599 1773 1800 1803 necessitate

299 1832 411 1872 ponit,
437 1841 497 1861 nec
523 1840 690 1871 umquam
714 1834 777 1871 pro
802 1831 1057 1861 necessitudine
1082 1831 1318 1861 necessitatem
1343 1834 1403 1861 aut
1429 1832 1502 1871 ipse
1528 1834 1588 1861 aut
1612 1833 1799 1873 quisquam

300 1893 467 1921 ueterum.

398 1959 450 1980 10.
506 1949 635 1980 Videas
659 1959 686 1979 c.
714 1958 800 1988 11.5.

396 2010 448 2039 16.
500 2008 662 2039 Diomed.
691 2012 715 2049 p
738 2008 757 2038 I
784 2016 852 2046 445
879 2009 924 2038 K.
942 2013 989 2039 est
1003 2011 1033 2039 et
1057 2009 1209 2039 secunda
1230 2008 1424 2049 anaphora,
1446 2012 1507 2049 per
1528 2019 1633 2050 quam
1655 2010 1801 2040 elocutio

300 2077 371 2099 non
401 2068 648 2099 conuenienter
676 2067 890 2108 respondens
918 2068 964 2098 ad
991 2068 1092 2098 aliud
1118 2068 1263 2106 refertur
1291 2069 1427 2105 occulte,
1457 2072 1495 2099 ut
1521 2072 1570 2100 est
1597 2068 1695 2109 apud
1722 2068 1800 2099 Sal-

300 2127 467 2158 Iastium:
489 2126 551 2157 sed
574 2129 683 2156 antea
704 2125 794 2156 item
817 2126 1053 2158 coniurauere
1075 2126 1192 2168 pauci,
1216 2126 1253 2157 in
1275 2126 1356 2167 quis
1377 2127 1535 2158 Catilina
1556 2127 1637 2158 fuit.
1661 2126 1706 2157 de
1727 2136 1802 2168 qua

302 2195 415 2227 quam
437 2185 648 2216 breuissime
672 2188 800 2226 potero
824 2184 954 2216 dicam.
1003 2186 1058 2216 hic
1085 2186 1133 2217 'de
1156 2185 1236 2226 qua'
1261 2187 1469 2227 intellegitur
1491 2187 1742 2217 coniuratione.

400 2339 413 2359 1
440 2327 720 2368 uuargunteiius
762 2340 797 2358 nr
998 2328 1095 2359 lecca
1119 2328 1265 2359 PP²Bln
1286 2328 1366 2369 lega
1389 2328 1430 2360 Ρ4
1452 2327 1529 2358 leca
1550 2328 1613 2359 rell

304 2388 430 2427 Q.ante
458 2387 586 2419 Curius
608 2397 662 2418 om
687 2387 726 2418 Pl
749 2396 783 2417 ss
811 2392 839 2418 N
1102 2396 1121 2426 5
1150 2387 1261 2428 paulo
1283 2397 1318 2418 ss
1362 2401 1379 2420 e
1618 2385 1802 2427 hujusque

305 2447 343 2478 Ρ1
368 2442 520 2493 huiusffl
550 2447 602 2486 (ce
625 2447 713 2486 eras)
743 2451 777 2477 Κ
800 2446 909 2478 huius
938 2447 990 2486 (ce
1013 2446 1059 2485 ss)
1086 2452 1123 2478 M
1406 2456 1423 2486 7
1451 2446 1522 2477 alia
1551 2448 1616 2487 (qu
1640 2447 1686 2485 ss)
1718 2450 1802 2477 BTe

305 2506 428 2546 aliqua
456 2506 494 2537 Ρ1
525 2507 623 2545 (corr)
656 2506 695 2537 P2
840 2506 859 2535 8
887 2501 1010 2552 inlltio
1037 2505 1062 2543 (i
1084 2515 1161 2537 eras
1179 2516 1199 2536 ο
1221 2507 1267 2545 ss)
1318 2511 1347 2537 B
1527 2514 1547 2542 9
1573 2505 1678 2547 copia
1701 2514 1735 2535 ss
1781 2516 1801 2536 e

482 2587 550 2618 erit
600 2593 626 2619 P
867 2597 908 2618 10
934 2567 1097 2619 malebsst
1144 2593 1172 2620 B
1320 2597 1361 2627 13
1388 2586 1596 2630 potentiam
1634 2586 1732 2618 illius
1770 2591 1802 2619 B

494 2656 651 2678 crescere
690 2647 898 2687 potentiam
938 2657 956 2686 γ
1112 2656 1153 2687 14
1180 2646 1288 2678 simul
1315 2646 1497 2678 confisum
1521 2664 1569 2669 ——
1594 2656 1631 2678 se
1657 2646 1734 2678 sore
1759 2646 1801 2677 in

304 2717 360 2747 mg
389 2712 416 2737 B
708 2705 801 2736 sicut
828 2705 963 2736 iuratio
992 2706 1031 2737 P1
1052 2706 1151 2745 (corr)
1171 2711 1220 2737 Ml
1242 2706 1272 2737 si
1292 2706 1358 2737 iur.
1384 2711 1412 2738 F
1698 2714 1738 2745 17
1761 2704 1802 2736 in

305 2765 439 2806 quibus
480 2759 522 2795 ρ’
732 2766 772 2795 18
797 2765 889 2796 tullo
912 2763 1072 2796 HNKlse
1113 2764 1218 2796 tullio
1240 2766 1302 2796 rell
1523 2774 1571 2795 m.
1605 2763 1727 2805 lepido
1757 2757 1803 2793 ,ρ’
