<?xml version="1.0" encoding="UTF-8"?>
<!DOCTYPE html PUBLIC "-//W3C//DTD XHTML 1.0 Transitional//EN"
    "http://www.w3.org/TR/xhtml1/DTD/xhtml1-transitional.dtd">
<html xmlns="http://www.w3.org/1999/xhtml" xml:lang="en" lang="en">
 <head>
  <title>
</title>
<meta http-equiv="Content-Type" content="text/html;charset=utf-8" />
  <meta name='ocr-system' content='tesseract 3.04.00' />
  <meta name='ocr-capabilities' content='ocr_page ocr_carea ocr_par ocr_line ocrx_word'/>
</head>
<body>
  <div class='ocr_page' id='page_1' title='image "./coniuratiocatili00salluoft_0035.png"; bbox 0 0 2028 3261; ppageno 0'>
   <div class='ocr_carea' id='block_1_1' title="bbox 510 231 1694 279">
    <p class='ocr_par' dir='ltr' id='par_1_1' title="bbox 510 231 1694 279">
     <span class='ocr_line' id='line_1_1' title="bbox 510 231 1694 279; baseline 0.003 -12"><span class='ocrx_word' id='word_1_1' title='bbox 510 240 827 271; x_wconf 77' lang='lat' dir='ltr'>,CONIVRATro</span> <span class='ocrx_word' id='word_1_2' title='bbox 861 239 1114 273; x_wconf 68' lang='lat' dir='ltr'>CATILINAE</span> <span class='ocrx_word' id='word_1_3' title='bbox 1145 231 1189 278; x_wconf 84' lang='lat' dir='ltr'>[e.</span> <span class='ocrx_word' id='word_1_4' title='bbox 1218 232 1371 279; x_wconf 82' lang='lat'>11—13]</span> <span class='ocrx_word' id='word_1_5' title='bbox 1418 246 1423 249; x_wconf 50' lang='lat'>&lt;</span> <span class='ocrx_word' id='word_1_6' title='bbox 1641 242 1694 271; x_wconf 85' lang='lat'>21</span> 
     </span>
    </p>
   </div>
   <div class='ocr_carea' id='block_1_2' title="bbox 136 347 1767 1315">
    <p class='ocr_par' dir='ltr' id='par_1_2' title="bbox 136 347 1767 1315">
     <span class='ocr_line' id='line_1_2' title="bbox 209 347 1697 400; baseline -0.001 -12"><span class='ocrx_word' id='word_1_7' title='bbox 209 347 443 398; x_wconf 84' lang='lat' dir='ltr'>corabant,</span> <span class='ocrx_word' id='word_1_8' title='bbox 468 361 613 399; x_wconf 91' lang='lat' dir='ltr'>neque</span> <span class='ocrx_word' id='word_1_9' title='bbox 636 347 768 387; x_wconf 88' lang='lat' dir='ltr'>uictis</span> <span class='ocrx_word' id='word_1_10' title='bbox 792 347 1035 399; x_wconf 85' lang='lat' dir='ltr'>quicquam</span> <span class='ocrx_word' id='word_1_11' title='bbox 1057 352 1235 400; x_wconf 88' lang='lat' dir='ltr'>praeter</span> <span class='ocrx_word' id='word_1_12' title='bbox 1257 347 1444 387; x_wconf 87' lang='lat' dir='ltr'>iniuriae</span> <span class='ocrx_word' id='word_1_13' title='bbox 1467 347 1697 388; x_wconf 76' lang='lat' dir='ltr'>licentiam</span> 
     </span>
     <span class='ocr_line' id='line_1_3' title="bbox 208 416 1739 471; baseline -0.001 -13"><span class='ocrx_word' id='word_1_14' title='bbox 208 417 472 471; x_wconf 74' lang='lat' dir='ltr'><strong>eripiebant.</strong></span> <span class='ocrx_word' id='word_1_15' title='bbox 536 423 584 458; x_wconf 89' lang='lat' dir='ltr'>at</span> <span class='ocrx_word' id='word_1_16' title='bbox 614 417 658 457; x_wconf 89' lang='lat' dir='ltr'>hi</span> <span class='ocrx_word' id='word_1_17' title='bbox 690 422 860 464; x_wconf 87' lang='lat' dir='ltr'>contra,</span> <span class='ocrx_word' id='word_1_18' title='bbox 893 416 1186 469; x_wconf 83' lang='lat' dir='ltr'>ignauissumi</span> <span class='ocrx_word' id='word_1_19' title='bbox 1217 416 1433 463; x_wconf 87' lang='lat' dir='ltr'>homines,</span> <span class='ocrx_word' id='word_1_20' title='bbox 1467 430 1545 469; x_wconf 91' lang='lat' dir='ltr'>per</span> <span class='ocrx_word' id='word_1_21' title='bbox 1576 430 1695 458; x_wconf 84' lang='lat' dir='ltr'>sum-</span> <span class='ocrx_word' id='word_1_22' title='bbox 1716 426 1739 469; x_wconf 81' lang='lat'><strong>5</strong></span> 
     </span>
     <span class='ocr_line' id='line_1_4' title="bbox 207 486 1695 538; baseline -0.001 -10"><span class='ocrx_word' id='word_1_23' title='bbox 207 501 334 528; x_wconf 90' lang='lat' dir='ltr'>mum</span> <span class='ocrx_word' id='word_1_24' title='bbox 362 489 504 529; x_wconf 91' lang='lat' dir='ltr'>scelus</span> <span class='ocrx_word' id='word_1_25' title='bbox 532 488 683 528; x_wconf 87' lang='lat' dir='ltr'>omnia</span> <span class='ocrx_word' id='word_1_26' title='bbox 711 502 763 528; x_wconf 88' lang='lat' dir='ltr'>ea</span> <span class='ocrx_word' id='word_1_27' title='bbox 791 487 920 527; x_wconf 84' lang='lat' dir='ltr'>sociis</span> <span class='ocrx_word' id='word_1_28' title='bbox 948 486 1157 534; x_wconf 77' lang='lat' dir='ltr'>adimere,</span> <span class='ocrx_word' id='word_1_29' title='bbox 1190 500 1305 538; x_wconf 92' lang='lat' dir='ltr'>quae</span> <span class='ocrx_word' id='word_1_30' title='bbox 1333 486 1582 527; x_wconf 77' lang='lat' dir='ltr'>fortissumi</span> <span class='ocrx_word' id='word_1_31' title='bbox 1612 487 1695 527; x_wconf 89' lang='lat' dir='ltr'>uiri</span> 
     </span>
     <span class='ocr_line' id='line_1_5' title="bbox 208 556 1696 611; baseline -0.002 -12"><span class='ocrx_word' id='word_1_32' title='bbox 208 558 402 599; x_wconf 89' lang='lat' dir='ltr'>uictores</span> <span class='ocrx_word' id='word_1_33' title='bbox 447 558 733 611; x_wconf 84' lang='lat' dir='ltr'>reliquerant;</span> <span class='ocrx_word' id='word_1_34' title='bbox 781 557 968 610; x_wconf 85' lang='lat' dir='ltr'>proinde</span> <span class='ocrx_word' id='word_1_35' title='bbox 1015 556 1142 608; x_wconf 90' lang='lat' dir='ltr'>quasi</span> <span class='ocrx_word' id='word_1_36' title='bbox 1188 556 1398 596; x_wconf 85' lang='lat' dir='ltr'>iniuriam</span> <span class='ocrx_word' id='word_1_37' title='bbox 1443 556 1602 604; x_wconf 79' lang='lat' dir='ltr'>facere,</span> <span class='ocrx_word' id='word_1_38' title='bbox 1650 557 1696 597; x_wconf 91' lang='lat' dir='ltr'>id</span> 
     </span>
     <span class='ocr_line' id='line_1_6' title="bbox 161 626 1767 681; baseline -0.001 -11"><span class='ocrx_word' id='word_1_39' title='bbox 161 637 185 680; x_wconf 87' lang='lat'><strong>5</strong></span> <span class='ocrx_word' id='word_1_40' title='bbox 209 629 393 669; x_wconf 88' lang='lat' dir='ltr'>demum</span> <span class='ocrx_word' id='word_1_41' title='bbox 423 634 539 669; x_wconf 85' lang='lat' dir='ltr'>esset</span> <span class='ocrx_word' id='word_1_42' title='bbox 568 627 755 681; x_wconf 87' lang='lat' dir='ltr'>imperio</span> <span class='ocrx_word' id='word_1_43' title='bbox 785 626 865 667; x_wconf 90' lang='lat' dir='ltr'>uti.</span> <span class='ocrx_word' id='word_1_44' title='bbox 928 640 1035 667; x_wconf 89' lang='lat' dir='ltr'>nam</span> <span class='ocrx_word' id='word_1_45' title='bbox 1067 626 1175 678; x_wconf 91' lang='lat' dir='ltr'>quid</span> <span class='ocrx_word' id='word_1_46' title='bbox 1205 641 1258 667; x_wconf 90' lang='lat' dir='ltr'>ea</span> <span class='ocrx_word' id='word_1_47' title='bbox 1287 640 1545 674; x_wconf 84' lang='lat' dir='ltr'>memorem,</span> <span class='ocrx_word' id='word_1_48' title='bbox 1581 641 1696 679; x_wconf 90' lang='lat' dir='ltr'>quae</span> <span class='ocrx_word' id='word_1_49' title='bbox 1719 636 1767 673; x_wconf 82' lang='lat'>13</span> 
     </span>
     <span class='ocr_line' id='line_1_7' title="bbox 208 696 1696 752; baseline -0.001 -12"><span class='ocrx_word' id='word_1_50' title='bbox 208 699 291 739; x_wconf 90' lang='lat' dir='ltr'>nisi</span> <span class='ocrx_word' id='word_1_51' title='bbox 305 699 358 740; x_wconf 91' lang='lat' dir='ltr'>iis</span> <span class='ocrx_word' id='word_1_52' title='bbox 372 698 448 752; x_wconf 92' lang='lat' dir='ltr'>qui</span> <span class='ocrx_word' id='word_1_53' title='bbox 469 698 620 739; x_wconf 92' lang='lat' dir='ltr'>uidere</span> <span class='ocrx_word' id='word_1_54' title='bbox 645 696 812 738; x_wconf 86' lang='lat' dir='ltr'>nemini</span> <span class='ocrx_word' id='word_1_55' title='bbox 838 696 1067 737; x_wconf 89' lang='lat' dir='ltr'>credibilia</span> <span class='ocrx_word' id='word_1_56' title='bbox 1092 703 1211 744; x_wconf 89' lang='lat' dir='ltr'>sunt,</span> <span class='ocrx_word' id='word_1_57' title='bbox 1240 711 1265 737; x_wconf 92' lang='lat' dir='ltr'>a</span> <span class='ocrx_word' id='word_1_58' title='bbox 1290 697 1481 750; x_wconf 88' lang='lat' dir='ltr'>priuatis</span> <span class='ocrx_word' id='word_1_59' title='bbox 1497 698 1696 750; x_wconf 87' lang='lat' dir='ltr'>complu-</span> 
     </span>
     <span class='ocr_line' id='line_1_8' title="bbox 207 767 1740 820; baseline -0.001 -10"><span class='ocrx_word' id='word_1_60' title='bbox 207 769 331 810; x_wconf 88' lang='lat' dir='ltr'>ribus</span> <span class='ocrx_word' id='word_1_61' title='bbox 372 768 614 810; x_wconf 88' lang='lat' dir='ltr'>subuorsos</span> <span class='ocrx_word' id='word_1_62' title='bbox 656 767 837 814; x_wconf 86' lang='lat' dir='ltr'>montis,</span> <span class='ocrx_word' id='word_1_63' title='bbox 882 767 1025 807; x_wconf 88' lang='lat' dir='ltr'>maria</span> <span class='ocrx_word' id='word_1_64' title='bbox 1067 772 1299 808; x_wconf 86' lang='lat' dir='ltr'>constrata</span> <span class='ocrx_word' id='word_1_65' title='bbox 1341 768 1454 808; x_wconf 82' lang='lat' dir='ltr'>esse?</span> <span class='ocrx_word' id='word_1_66' title='bbox 1532 768 1740 820; x_wconf 86' lang='lat' dir='ltr'>quibus2</span> 
     </span>
     <span class='ocr_line' id='line_1_9' title="bbox 208 837 1696 891; baseline -0.001 -11"><span class='ocrx_word' id='word_1_67' title='bbox 208 839 315 880; x_wconf 87' lang='lat' dir='ltr'>mihi</span> <span class='ocrx_word' id='word_1_68' title='bbox 341 839 554 879; x_wconf 88' lang='lat' dir='ltr'>uidentur</span> <span class='ocrx_word' id='word_1_69' title='bbox 576 837 770 878; x_wconf 88' lang='lat' dir='ltr'>ludibrio</span> <span class='ocrx_word' id='word_1_70' title='bbox 793 837 929 878; x_wconf 75' lang='lat' dir='ltr'>fuisse</span> <span class='ocrx_word' id='word_1_71' title='bbox 953 837 1153 885; x_wconf 85' lang='lat' dir='ltr'>diuitiae;</span> <span class='ocrx_word' id='word_1_72' title='bbox 1181 838 1347 891; x_wconf 86' lang='lat' dir='ltr'>quippe</span> <span class='ocrx_word' id='word_1_73' title='bbox 1372 852 1485 890; x_wconf 88' lang='lat' dir='ltr'>quas</span> <span class='ocrx_word' id='word_1_74' title='bbox 1507 838 1696 879; x_wconf 85' lang='lat' dir='ltr'>honeste</span> 
     </span>
     <span class='ocr_line' id='line_1_10' title="bbox 205 907 1742 961; baseline -0.001 -11"><span class='ocrx_word' id='word_1_75' title='bbox 205 910 370 950; x_wconf 88' lang='lat' dir='ltr'>habere</span> <span class='ocrx_word' id='word_1_76' title='bbox 391 909 567 956; x_wconf 81' lang='lat' dir='ltr'>licebat,</span> <span class='ocrx_word' id='word_1_77' title='bbox 591 907 718 949; x_wconf 88' lang='lat' dir='ltr'>abuti</span> <span class='ocrx_word' id='word_1_78' title='bbox 752 921 829 961; x_wconf 88' lang='lat' dir='ltr'>per</span> <span class='ocrx_word' id='word_1_79' title='bbox 862 907 1195 961; x_wconf 86' lang='lat' dir='ltr'>turpitudinem</span> <span class='ocrx_word' id='word_1_80' title='bbox 1236 909 1553 961; x_wconf 88' lang='lat' dir='ltr'>properabant.</span> <span class='ocrx_word' id='word_1_81' title='bbox 1619 908 1696 950; x_wconf 90' lang='lat' dir='ltr'>sed</span> <span class='ocrx_word' id='word_1_82' title='bbox 1717 918 1742 960; x_wconf 83' lang='lat'>3</span> 
     </span>
     <span class='ocr_line' id='line_1_11' title="bbox 136 978 1695 1032; baseline -0.001 -12"><span class='ocrx_word' id='word_1_83' title='bbox 136 990 189 1019; x_wconf 88' lang='lat'>10</span> <span class='ocrx_word' id='word_1_84' title='bbox 210 979 365 1020; x_wconf 90' lang='lat' dir='ltr'>lubido</span> <span class='ocrx_word' id='word_1_85' title='bbox 407 978 563 1032; x_wconf 87' lang='lat' dir='ltr'>stupri,</span> <span class='ocrx_word' id='word_1_86' title='bbox 612 993 781 1031; x_wconf 84' lang='lat' dir='ltr'>ganeae</span> <span class='ocrx_word' id='word_1_87' title='bbox 818 979 1042 1031; x_wconf 87' lang='lat' dir='ltr'>ceterique</span> <span class='ocrx_word' id='word_1_88' title='bbox 1090 979 1238 1019; x_wconf 89' lang='lat' dir='ltr'>cultus</span> <span class='ocrx_word' id='word_1_89' title='bbox 1288 993 1379 1020; x_wconf 89' lang='lat' dir='ltr'>non</span> <span class='ocrx_word' id='word_1_90' title='bbox 1426 979 1572 1020; x_wconf 89' lang='lat' dir='ltr'>minor</span> <span class='ocrx_word' id='word_1_91' title='bbox 1628 979 1695 1019; x_wconf 94' lang='lat' dir='ltr'>in-</span> 
     </span>
     <span class='ocr_line' id='line_1_12' title="bbox 206 1049 1695 1103; baseline -0.001 -12"><span class='ocrx_word' id='word_1_92' title='bbox 206 1054 413 1091; x_wconf 86' lang='lat' dir='ltr'>cesserat:</span> <span class='ocrx_word' id='word_1_93' title='bbox 482 1049 565 1090; x_wconf 93' lang='lat' dir='ltr'>uiri</span> <span class='ocrx_word' id='word_1_94' title='bbox 630 1049 866 1090; x_wconf 90' lang='lat' dir='ltr'>muliebria</span> <span class='ocrx_word' id='word_1_95' title='bbox 922 1049 1032 1102; x_wconf 86' lang='lat' dir='ltr'>pati,</span> <span class='ocrx_word' id='word_1_96' title='bbox 1082 1049 1288 1090; x_wconf 89' lang='lat' dir='ltr'>mulieres</span> <span class='ocrx_word' id='word_1_97' title='bbox 1334 1049 1603 1103; x_wconf 85' lang='lat' dir='ltr'>pudicitiam</span> <span class='ocrx_word' id='word_1_98' title='bbox 1649 1050 1695 1090; x_wconf 90' lang='lat' dir='ltr'>in</span> 
     </span>
     <span class='ocr_line' id='line_1_13' title="bbox 205 1119 1696 1174; baseline -0.001 -13"><span class='ocrx_word' id='word_1_99' title='bbox 205 1120 449 1174; x_wconf 90' lang='lat' dir='ltr'>propatulo</span> <span class='ocrx_word' id='word_1_100' title='bbox 490 1120 667 1167; x_wconf 89' lang='lat' dir='ltr'>habere,</span> <span class='ocrx_word' id='word_1_101' title='bbox 712 1119 920 1160; x_wconf 89' lang='lat' dir='ltr'>uescendi</span> <span class='ocrx_word' id='word_1_102' title='bbox 963 1133 1098 1160; x_wconf 83' lang='lat' dir='ltr'>causa</span> <span class='ocrx_word' id='word_1_103' title='bbox 1139 1125 1258 1160; x_wconf 87' lang='lat' dir='ltr'>terra</span> <span class='ocrx_word' id='word_1_104' title='bbox 1299 1120 1502 1173; x_wconf 88' lang='lat' dir='ltr'>marique</span> <span class='ocrx_word' id='word_1_105' title='bbox 1543 1120 1696 1161; x_wconf 88' lang='lat' dir='ltr'>omnia</span> 
     </span>
     <span class='ocr_line' id='line_1_14' title="bbox 206 1190 1695 1244; baseline 0 -13"><span class='ocrx_word' id='word_1_106' title='bbox 206 1191 451 1243; x_wconf 82' lang='lat' dir='ltr'>exquirere,</span> <span class='ocrx_word' id='word_1_107' title='bbox 491 1190 684 1231; x_wconf 86' lang='lat' dir='ltr'>dormire</span> <span class='ocrx_word' id='word_1_108' title='bbox 720 1190 843 1243; x_wconf 87' lang='lat' dir='ltr'>prius</span> <span class='ocrx_word' id='word_1_109' title='bbox 880 1203 1017 1242; x_wconf 88' lang='lat' dir='ltr'>quam</span> <span class='ocrx_word' id='word_1_110' title='bbox 1054 1190 1198 1230; x_wconf 86' lang='lat' dir='ltr'>somni</span> <span class='ocrx_word' id='word_1_111' title='bbox 1236 1190 1400 1244; x_wconf 90' lang='lat' dir='ltr'>cupido</span> <span class='ocrx_word' id='word_1_112' title='bbox 1436 1195 1565 1239; x_wconf 89' lang='lat' dir='ltr'>esset,</span> <span class='ocrx_word' id='word_1_113' title='bbox 1604 1204 1695 1231; x_wconf 90' lang='lat' dir='ltr'>non</span> 
     </span>
     <span class='ocr_line' id='line_1_15' title="bbox 205 1259 1693 1315; baseline 0.001 -14"><span class='ocrx_word' id='word_1_114' title='bbox 205 1261 374 1302; x_wconf 83' lang='lat' dir='ltr'>famem</span> <span class='ocrx_word' id='word_1_115' title='bbox 407 1266 487 1301; x_wconf 90' lang='lat' dir='ltr'>aut</span> <span class='ocrx_word' id='word_1_116' title='bbox 519 1261 653 1308; x_wconf 88' lang='lat' dir='ltr'>sitim,</span> <span class='ocrx_word' id='word_1_117' title='bbox 688 1274 834 1313; x_wconf 88' lang='lat' dir='ltr'>neque</span> <span class='ocrx_word' id='word_1_118' title='bbox 865 1259 1004 1313; x_wconf 75' lang='lat' dir='ltr'>frigus</span> <span class='ocrx_word' id='word_1_119' title='bbox 1036 1274 1181 1313; x_wconf 90' lang='lat' dir='ltr'>neque</span> <span class='ocrx_word' id='word_1_120' title='bbox 1214 1261 1527 1302; x_wconf 86' lang='lat' dir='ltr'>lassitudinem</span> <span class='ocrx_word' id='word_1_121' title='bbox 1559 1275 1693 1315; x_wconf 93' lang='lat' dir='ltr'>oppe-</span> 
     </span>
    </p>
   </div>
   <div class='ocr_carea' id='block_1_3' title="bbox 200 1379 1696 2236">
    <p class='ocr_par' dir='ltr' id='par_1_3' title="bbox 205 1379 1696 1650">
     <span class='ocr_line' id='line_1_16' title="bbox 303 1379 1696 1420; baseline 0 -10"><span class='ocrx_word' id='word_1_122' title='bbox 303 1382 333 1410; x_wconf 82' lang='lat'>6.</span> <span class='ocrx_word' id='word_1_123' title='bbox 378 1380 506 1410; x_wconf 74' lang='lat' dir='ltr'>Adnot.</span> <span class='ocrx_word' id='word_1_124' title='bbox 528 1383 605 1420; x_wconf 75' lang='lat' dir='ltr'>sup.</span> <span class='ocrx_word' id='word_1_125' title='bbox 626 1380 760 1410; x_wconf 76' lang='lat' dir='ltr'>Lucan.</span> <span class='ocrx_word' id='word_1_126' title='bbox 785 1380 847 1418; x_wconf 82' lang='lat' dir='ltr'>(ed.</span> <span class='ocrx_word' id='word_1_127' title='bbox 866 1379 970 1413; x_wconf 59' lang='lat' dir='ltr'>Endt&#39;i</span> <span class='ocrx_word' id='word_1_128' title='bbox 995 1379 1038 1409; x_wconf 91' lang='lat' dir='ltr'>II</span> <span class='ocrx_word' id='word_1_129' title='bbox 1059 1379 1124 1419; x_wconf 80' lang='lat'>677</span> <span class='ocrx_word' id='word_1_130' title='bbox 1146 1379 1194 1409; x_wconf 78' lang='lat' dir='ltr'>&#39;in</span> <span class='ocrx_word' id='word_1_131' title='bbox 1214 1381 1365 1411; x_wconf 75' lang='lat' dir='ltr'>medium</span> <span class='ocrx_word' id='word_1_132' title='bbox 1386 1381 1417 1410; x_wconf 80' lang='lat' dir='ltr'>d.</span> <span class='ocrx_word' id='word_1_133' title='bbox 1439 1380 1567 1410; x_wconf 67' lang='lat' dir='ltr'>Atlzon’</span> <span class='ocrx_word' id='word_1_134' title='bbox 1586 1398 1633 1402; x_wconf 90' lang='lat'>—</span> <span class='ocrx_word' id='word_1_135' title='bbox 1649 1398 1696 1402; x_wconf 79' lang='lat'>—</span> 
     </span>
     <span class='ocr_line' id='line_1_17' title="bbox 206 1437 1695 1479; baseline 0 -10"><span class='ocrx_word' id='word_1_136' title='bbox 206 1456 262 1469; x_wconf 93' lang='lat'>—.</span> <span class='ocrx_word' id='word_1_137' title='bbox 291 1439 339 1469; x_wconf 81' lang='lat' dir='ltr'>sic</span> <span class='ocrx_word' id='word_1_138' title='bbox 366 1439 559 1469; x_wconf 73' lang='lat' dir='ltr'>Sallustius</span> <span class='ocrx_word' id='word_1_139' title='bbox 584 1439 653 1469; x_wconf 64' lang='lat' dir='ltr'>ait:</span> <span class='ocrx_word' id='word_1_140' title='bbox 703 1448 722 1468; x_wconf 87' lang='lat' dir='ltr'>a</span> <span class='ocrx_word' id='word_1_141' title='bbox 749 1437 901 1478; x_wconf 87' lang='lat' dir='ltr'>priuatis</span> <span class='ocrx_word' id='word_1_142' title='bbox 928 1438 1162 1479; x_wconf 86' lang='lat' dir='ltr'>conpluribus</span> <span class='ocrx_word' id='word_1_143' title='bbox 1187 1440 1380 1470; x_wconf 80' lang='lat' dir='ltr'>subuersos</span> <span class='ocrx_word' id='word_1_144' title='bbox 1406 1443 1559 1477; x_wconf 81' lang='lat' dir='ltr'>montes,</span> <span class='ocrx_word' id='word_1_145' title='bbox 1581 1439 1695 1470; x_wconf 85' lang='lat' dir='ltr'>maria</span> 
     </span>
     <span class='ocr_line' id='line_1_18' title="bbox 207 1497 1693 1538; baseline 0.001 -11"><span class='ocrx_word' id='word_1_146' title='bbox 207 1500 406 1528; x_wconf 82' lang='lat' dir='ltr'>constrata.</span> <span class='ocrx_word' id='word_1_147' title='bbox 448 1498 524 1528; x_wconf 77' lang='lat' dir='ltr'>Ibd.</span> <span class='ocrx_word' id='word_1_148' title='bbox 554 1497 605 1527; x_wconf 71' lang='grc' dir='ltr'>ΓΙ</span> <span class='ocrx_word' id='word_1_149' title='bbox 626 1497 668 1535; x_wconf 77' lang='grc'>56</span> <span class='ocrx_word' id='word_1_150' title='bbox 691 1497 892 1528; x_wconf 66' lang='lat' dir='ltr'>&#39;Phrixeum</span> <span class='ocrx_word' id='word_1_151' title='bbox 913 1499 1036 1528; x_wconf 60' lang='lat' dir='ltr'>elidere</span> <span class='ocrx_word' id='word_1_152' title='bbox 1056 1498 1214 1538; x_wconf 71' lang='lat' dir='ltr'>pontitm&#39;</span> <span class='ocrx_word' id='word_1_153' title='bbox 1234 1517 1281 1520; x_wconf 90' lang='lat'>—-</span> <span class='ocrx_word' id='word_1_154' title='bbox 1298 1517 1354 1528; x_wconf 84' lang='lat'>—.</span> <span class='ocrx_word' id='word_1_155' title='bbox 1377 1499 1436 1529; x_wconf 71' lang='lat' dir='ltr'>lios</span> <span class='ocrx_word' id='word_1_156' title='bbox 1457 1509 1549 1529; x_wconf 64' lang='lat' dir='ltr'>mare</span> <span class='ocrx_word' id='word_1_157' title='bbox 1572 1500 1693 1529; x_wconf 79' lang='lat' dir='ltr'>inmis-</span> 
     </span>
     <span class='ocr_line' id='line_1_19' title="bbox 205 1556 1694 1598; baseline 0 -11"><span class='ocrx_word' id='word_1_158' title='bbox 205 1567 243 1588; x_wconf 82' lang='lat' dir='ltr'>sa</span> <span class='ocrx_word' id='word_1_159' title='bbox 267 1560 356 1587; x_wconf 76' lang='lat' dir='ltr'>term</span> <span class='ocrx_word' id='word_1_160' title='bbox 379 1557 551 1588; x_wconf 73' lang='lat' dir='ltr'>sublatum</span> <span class='ocrx_word' id='word_1_161' title='bbox 576 1560 633 1594; x_wconf 77' lang='lat' dir='ltr'>est,</span> <span class='ocrx_word' id='word_1_162' title='bbox 658 1558 748 1596; x_wconf 74' lang='lat' dir='ltr'>quod</span> <span class='ocrx_word' id='word_1_163' title='bbox 770 1558 819 1587; x_wconf 79' lang='lat' dir='ltr'>ait</span> <span class='ocrx_word' id='word_1_164' title='bbox 844 1556 1055 1587; x_wconf 75' lang='lat' dir='ltr'>Sallustius:</span> <span class='ocrx_word' id='word_1_165' title='bbox 1079 1567 1097 1586; x_wconf 84' lang='lat' dir='ltr'>a</span> <span class='ocrx_word' id='word_1_166' title='bbox 1122 1557 1275 1597; x_wconf 85' lang='lat' dir='ltr'>priuatis</span> <span class='ocrx_word' id='word_1_167' title='bbox 1299 1557 1532 1598; x_wconf 85' lang='lat' dir='ltr'>conpluribus</span> <span class='ocrx_word' id='word_1_168' title='bbox 1547 1558 1694 1588; x_wconf 88' lang='lat' dir='ltr'>subuer-</span> 
     </span>
     <span class='ocr_line' id='line_1_20' title="bbox 206 1615 915 1650; baseline 0 -4"><span class='ocrx_word' id='word_1_169' title='bbox 206 1625 263 1646; x_wconf 92' lang='lat' dir='ltr'>sos</span> <span class='ocrx_word' id='word_1_170' title='bbox 291 1619 444 1650; x_wconf 76' lang='lat' dir='ltr'>montes,</span> <span class='ocrx_word' id='word_1_171' title='bbox 474 1615 588 1646; x_wconf 84' lang='lat' dir='ltr'>maria</span> <span class='ocrx_word' id='word_1_172' title='bbox 616 1618 802 1646; x_wconf 84' lang='lat' dir='ltr'>constrata</span> <span class='ocrx_word' id='word_1_173' title='bbox 830 1626 915 1646; x_wconf 87' lang='lat' dir='ltr'>esse.</span> 
     </span>
    </p>

    <p class='ocr_par' dir='ltr' id='par_1_4' title="bbox 203 1674 1694 1953">
     <span class='ocr_line' id='line_1_21' title="bbox 299 1674 1694 1716; baseline 0.001 -11"><span class='ocrx_word' id='word_1_174' title='bbox 299 1685 328 1714; x_wconf 84' lang='lat'>7.</span> <span class='ocrx_word' id='word_1_175' title='bbox 377 1675 483 1705; x_wconf 57' lang='lat' dir='ltr'>Avus.</span> <span class='ocrx_word' id='word_1_176' title='bbox 515 1675 589 1704; x_wconf 68' lang='lat' dir='ltr'>VII</span> <span class='ocrx_word' id='word_1_177' title='bbox 611 1678 634 1714; x_wconf 69' lang='lat' dir='ltr'>p</span> <span class='ocrx_word' id='word_1_178' title='bbox 659 1683 724 1713; x_wconf 70' lang='lat'>451</span> <span class='ocrx_word' id='word_1_179' title='bbox 748 1675 793 1705; x_wconf 76' lang='grc' dir='ltr'>Κ.</span> <span class='ocrx_word' id='word_1_180' title='bbox 822 1674 953 1705; x_wconf 71' lang='lat' dir='ltr'>&#39;abutor</span> <span class='ocrx_word' id='word_1_181' title='bbox 976 1676 1072 1705; x_wconf 77' lang='lat' dir='ltr'>illam</span> <span class='ocrx_word' id='word_1_182' title='bbox 1097 1675 1190 1713; x_wconf 69' lang='lat' dir='ltr'>rem’,</span> <span class='ocrx_word' id='word_1_183' title='bbox 1217 1676 1288 1706; x_wconf 79' lang='lat' dir='ltr'>Sal.</span> <span class='ocrx_word' id='word_1_184' title='bbox 1314 1676 1386 1706; x_wconf 78' lang='lat' dir='ltr'>Bel.</span> <span class='ocrx_word' id='word_1_185' title='bbox 1414 1676 1538 1706; x_wconf 60' lang='lat' dir='ltr'>Catil.-</span> <span class='ocrx_word' id='word_1_186' title='bbox 1561 1675 1694 1716; x_wconf 81' lang='lat' dir='ltr'>quibus</span> 
     </span>
     <span class='ocr_line' id='line_1_22' title="bbox 203 1733 1692 1774; baseline 0.001 -10"><span class='ocrx_word' id='word_1_187' title='bbox 203 1734 292 1764; x_wconf 85' lang='lat' dir='ltr'>mihi</span> <span class='ocrx_word' id='word_1_188' title='bbox 314 1733 487 1764; x_wconf 87' lang='lat' dir='ltr'>uidentur</span> <span class='ocrx_word' id='word_1_189' title='bbox 510 1733 666 1763; x_wconf 86' lang='lat' dir='ltr'>ludibrio</span> <span class='ocrx_word' id='word_1_190' title='bbox 690 1733 799 1764; x_wconf 77' lang='lat' dir='ltr'>fuisse</span> <span class='ocrx_word' id='word_1_191' title='bbox 823 1733 983 1769; x_wconf 52' lang='lat' dir='ltr'>diuitiae</span> <span class='ocrx_word' id='word_1_192' title='bbox 1011 1734 1145 1774; x_wconf 84' lang='lat' dir='ltr'>quippe</span> <span class='ocrx_word' id='word_1_193' title='bbox 1169 1744 1259 1774; x_wconf 84' lang='lat' dir='ltr'>quas</span> <span class='ocrx_word' id='word_1_194' title='bbox 1282 1735 1414 1765; x_wconf 84' lang='lat' dir='ltr'>habere</span> <span class='ocrx_word' id='word_1_195' title='bbox 1438 1735 1589 1765; x_wconf 79' lang='lat' dir='ltr'>honeste</span> <span class='ocrx_word' id='word_1_196' title='bbox 1613 1735 1692 1765; x_wconf 85' lang='lat' dir='ltr'>lice-</span> 
     </span>
     <span class='ocr_line' id='line_1_23' title="bbox 203 1792 1692 1834; baseline 0.001 -11"><span class='ocrx_word' id='word_1_197' title='bbox 203 1793 280 1831; x_wconf 86' lang='lat' dir='ltr'>bat,</span> <span class='ocrx_word' id='word_1_198' title='bbox 305 1793 408 1824; x_wconf 83' lang='lat' dir='ltr'>abuti</span> <span class='ocrx_word' id='word_1_199' title='bbox 431 1802 492 1833; x_wconf 93' lang='lat' dir='ltr'>per</span> <span class='ocrx_word' id='word_1_200' title='bbox 515 1792 783 1833; x_wconf 84' lang='lat' dir='ltr'>turpitudinem</span> <span class='ocrx_word' id='word_1_201' title='bbox 805 1793 1061 1834; x_wconf 81' lang='lat' dir='ltr'>properabant.</span> <span class='ocrx_word' id='word_1_202' title='bbox 1084 1811 1131 1814; x_wconf 97' lang='lat'><strong>—</strong></span> <span class='ocrx_word' id='word_1_203' title='bbox 1152 1793 1263 1824; x_wconf 58' lang='lat' dir='ltr'>Prisc.</span> <span class='ocrx_word' id='word_1_204' title='bbox 1288 1794 1355 1824; x_wconf 86' lang='lat' dir='ltr'>III</span> <span class='ocrx_word' id='word_1_205' title='bbox 1376 1798 1399 1834; x_wconf 72' lang='lat' dir='ltr'>p</span> <span class='ocrx_word' id='word_1_206' title='bbox 1422 1803 1489 1832; x_wconf 68' lang='lat'>320</span> <span class='ocrx_word' id='word_1_207' title='bbox 1511 1795 1557 1825; x_wconf 77' lang='grc' dir='ltr'>Κ.</span> <span class='ocrx_word' id='word_1_208' title='bbox 1580 1795 1692 1824; x_wconf 66' lang='lat' dir='ltr'>Attici</span> 
     </span>
     <span class='ocr_line' id='line_1_24' title="bbox 205 1851 1691 1893; baseline 0.001 -12"><span class='ocrx_word' id='word_1_209' title='bbox 205 1851 459 1892; x_wconf 68' lang='grc' dir='ltr'><em>’κατακέχρησαε</em></span> <span class='ocrx_word' id='word_1_210' title='bbox 489 1851 597 1892; x_wconf 74' lang='grc' dir='ltr'>ταύτῃ’</span> <span class='ocrx_word' id='word_1_211' title='bbox 623 1851 676 1881; x_wconf 65' lang='grc' dir='ltr'>κα.)</span> <span class='ocrx_word' id='word_1_212' title='bbox 699 1851 848 1892; x_wconf 53' lang='grc' dir='ltr'>’ταύτηιῖ</span> <span class='ocrx_word' id='word_1_213' title='bbox 874 1871 921 1874; x_wconf 85' lang='lat'>—-</span> <span class='ocrx_word' id='word_1_214' title='bbox 941 1870 987 1874; x_wconf 76' lang='lat'>——</span> <span class='ocrx_word' id='word_1_215' title='bbox 1023 1853 1216 1884; x_wconf 74' lang='lat' dir='ltr'>Sallustius</span> <span class='ocrx_word' id='word_1_216' title='bbox 1241 1854 1277 1883; x_wconf 75' lang='lat' dir='ltr'>iii</span> <span class='ocrx_word' id='word_1_217' title='bbox 1301 1854 1534 1884; x_wconf 72' lang='lat' dir='ltr'>Catilinario:</span> <span class='ocrx_word' id='word_1_218' title='bbox 1557 1853 1691 1893; x_wconf 79' lang='lat' dir='ltr'>quippe</span> 
     </span>
     <span class='ocr_line' id='line_1_25' title="bbox 204 1910 1603 1953; baseline 0.001 -12"><span class='ocrx_word' id='word_1_219' title='bbox 204 1921 296 1951; x_wconf 88' lang='lat' dir='ltr'>quas</span> <span class='ocrx_word' id='word_1_220' title='bbox 326 1911 477 1941; x_wconf 82' lang='lat' dir='ltr'>honeste</span> <span class='ocrx_word' id='word_1_221' title='bbox 507 1910 639 1941; x_wconf 80' lang='lat' dir='ltr'>habere</span> <span class='ocrx_word' id='word_1_222' title='bbox 671 1910 814 1949; x_wconf 83' lang='lat' dir='ltr'>licebat,</span> <span class='ocrx_word' id='word_1_223' title='bbox 849 1911 951 1942; x_wconf 87' lang='lat' dir='ltr'>abuti</span> <span class='ocrx_word' id='word_1_224' title='bbox 970 1922 1031 1952; x_wconf 90' lang='lat' dir='ltr'>per</span> <span class='ocrx_word' id='word_1_225' title='bbox 1050 1911 1317 1953; x_wconf 85' lang='lat' dir='ltr'>turpitudinem</span> <span class='ocrx_word' id='word_1_226' title='bbox 1346 1912 1603 1952; x_wconf 84' lang='lat' dir='ltr'>properabant.</span> 
     </span>
    </p>

    <p class='ocr_par' dir='ltr' id='par_1_5' title="bbox 200 1969 1691 2236">
     <span class='ocr_line' id='line_1_26' title="bbox 300 1969 1688 2012; baseline 0.001 -12"><span class='ocrx_word' id='word_1_227' title='bbox 300 1979 350 2000; x_wconf 92' lang='lat'>11.</span> <span class='ocrx_word' id='word_1_228' title='bbox 398 1969 442 2007; x_wconf 79' lang='lat' dir='ltr'>Cf</span> <span class='ocrx_word' id='word_1_229' title='bbox 463 1970 558 2001; x_wconf 71' lang='lat' dir='ltr'>Curi.</span> <span class='ocrx_word' id='word_1_230' title='bbox 588 1970 638 2000; x_wconf 71' lang='lat' dir='ltr'>VI</span> <span class='ocrx_word' id='word_1_231' title='bbox 661 1969 713 2011; x_wconf 64' lang='lat'>6.3</span> <span class='ocrx_word' id='word_1_232' title='bbox 734 1970 939 2011; x_wconf 88' lang='lat' dir='ltr'>spadonum</span> <span class='ocrx_word' id='word_1_233' title='bbox 960 1974 1143 2011; x_wconf 80' lang='lat' dir='ltr'>greges,et</span> <span class='ocrx_word' id='word_1_234' title='bbox 1158 1971 1225 2012; x_wconf 91' lang='lat' dir='ltr'>ipsi</span> <span class='ocrx_word' id='word_1_235' title='bbox 1241 1970 1430 2001; x_wconf 86' lang='lat' dir='ltr'>muliebria</span> <span class='ocrx_word' id='word_1_236' title='bbox 1442 1971 1520 2012; x_wconf 88' lang='lat' dir='ltr'>pati</span> <span class='ocrx_word' id='word_1_237' title='bbox 1535 1970 1688 2008; x_wconf 83' lang='lat' dir='ltr'>adsueti,</span> 
     </span>
     <span class='ocr_line' id='line_1_27' title="bbox 202 2028 1691 2071; baseline 0.001 -12"><span class='ocrx_word' id='word_1_238' title='bbox 202 2028 460 2069; x_wconf 84' lang='lat' dir='ltr'>sequebantur.</span> <span class='ocrx_word' id='word_1_239' title='bbox 479 2047 526 2051; x_wconf 97' lang='lat'><strong>—</strong></span> <span class='ocrx_word' id='word_1_240' title='bbox 543 2028 655 2059; x_wconf 71' lang='lat' dir='ltr'>Fz&#39;rm.</span> <span class='ocrx_word' id='word_1_241' title='bbox 676 2030 766 2059; x_wconf 55' lang='lat' dir='ltr'>stlat.</span> <span class='ocrx_word' id='word_1_242' title='bbox 788 2030 826 2060; x_wconf 81' lang='lat' dir='ltr'>de.</span> <span class='ocrx_word' id='word_1_243' title='bbox 845 2039 907 2060; x_wconf 71' lang='lat' dir='ltr'>err.</span> <span class='ocrx_word' id='word_1_244' title='bbox 928 2031 1016 2071; x_wconf 66' lang='lat' dir='ltr'>prof.</span> <span class='ocrx_word' id='word_1_245' title='bbox 1037 2031 1094 2060; x_wconf 76' lang='lat' dir='ltr'>rel.</span> <span class='ocrx_word' id='word_1_246' title='bbox 1117 2040 1168 2069; x_wconf 56' lang='lat'>42</span> <span class='ocrx_word' id='word_1_247' title='bbox 1187 2029 1310 2060; x_wconf 82' lang='lat' dir='ltr'>uidere</span> <span class='ocrx_word' id='word_1_248' title='bbox 1328 2035 1382 2060; x_wconf 88' lang='lat' dir='ltr'>est</span> <span class='ocrx_word' id='word_1_249' title='bbox 1399 2029 1435 2059; x_wconf 89' lang='lat' dir='ltr'>in</span> <span class='ocrx_word' id='word_1_250' title='bbox 1447 2029 1533 2070; x_wconf 89' lang='lat' dir='ltr'>ipsis</span> <span class='ocrx_word' id='word_1_251' title='bbox 1546 2029 1691 2070; x_wconf 86' lang='lat' dir='ltr'>templis</span> 
     </span>
     <span class='ocr_line' id='line_1_28' title="bbox 203 2087 1689 2130; baseline 0.001 -12"><span class='ocrx_word' id='word_1_252' title='bbox 203 2097 286 2118; x_wconf 84' lang='lat' dir='ltr'>cuin</span> <span class='ocrx_word' id='word_1_253' title='bbox 311 2087 456 2128; x_wconf 89' lang='lat' dir='ltr'>publico</span> <span class='ocrx_word' id='word_1_254' title='bbox 482 2087 622 2128; x_wconf 84' lang='lat' dir='ltr'>gemitu</span> <span class='ocrx_word' id='word_1_255' title='bbox 648 2087 853 2119; x_wconf 84' lang='lat' dir='ltr'>miseranda</span> <span class='ocrx_word' id='word_1_256' title='bbox 879 2088 1044 2119; x_wconf 84' lang='lat' dir='ltr'>ludibria:</span> <span class='ocrx_word' id='word_1_257' title='bbox 1073 2088 1170 2120; x_wconf 84' lang='lat' dir='ltr'>uiros</span> <span class='ocrx_word' id='word_1_258' title='bbox 1197 2088 1387 2120; x_wconf 84' lang='lat' dir='ltr'>muliebria</span> <span class='ocrx_word' id='word_1_259' title='bbox 1413 2089 1501 2130; x_wconf 88' lang='lat' dir='ltr'>pati.</span> <span class='ocrx_word' id='word_1_260' title='bbox 1542 2107 1590 2111; x_wconf 83' lang='lat'>—-</span> <span class='ocrx_word' id='word_1_261' title='bbox 1613 2090 1642 2119; x_wconf 65' lang='grc' dir='ltr'><em>Α</em></span> <span class='ocrx_word' id='word_1_262' title='bbox 1654 2099 1689 2120; x_wconf 80' lang='lat' dir='ltr'>u-</span> 
     </span>
     <span class='ocr_line' id='line_1_29' title="bbox 200 2146 1691 2189; baseline 0.001 -12"><span class='ocrx_word' id='word_1_263' title='bbox 200 2148 331 2187; x_wconf 77' lang='lat' dir='ltr'>gustin.</span> <span class='ocrx_word' id='word_1_264' title='bbox 352 2148 420 2177; x_wconf 75' lang='lat' dir='ltr'>cin.</span> <span class='ocrx_word' id='word_1_265' title='bbox 442 2147 486 2176; x_wconf 92' lang='lat' dir='ltr'>D.</span> <span class='ocrx_word' id='word_1_266' title='bbox 514 2147 564 2177; x_wconf 67' lang='lat' dir='ltr'>VI</span> <span class='ocrx_word' id='word_1_267' title='bbox 583 2148 603 2177; x_wconf 77' lang='lat'><em>8</em></span> <span class='ocrx_word' id='word_1_268' title='bbox 622 2146 718 2178; x_wconf 88' lang='lat' dir='ltr'>uiros</span> <span class='ocrx_word' id='word_1_269' title='bbox 737 2147 927 2178; x_wconf 87' lang='lat' dir='ltr'>muliebria</span> <span class='ocrx_word' id='word_1_270' title='bbox 946 2148 1023 2189; x_wconf 80' lang='lat' dir='ltr'>pati</span> <span class='ocrx_word' id='word_1_271' title='bbox 1042 2158 1115 2179; x_wconf 91' lang='grc'><strong>11011</strong></span> <span class='ocrx_word' id='word_1_272' title='bbox 1133 2150 1187 2179; x_wconf 90' lang='lat' dir='ltr'>est</span> <span class='ocrx_word' id='word_1_273' title='bbox 1205 2148 1406 2179; x_wconf 85' lang='lat' dir='ltr'>secundum</span> <span class='ocrx_word' id='word_1_274' title='bbox 1424 2151 1607 2186; x_wconf 86' lang='lat' dir='ltr'>naturam,</span> <span class='ocrx_word' id='word_1_275' title='bbox 1627 2148 1691 2179; x_wconf 88' lang='lat' dir='ltr'>sed</span> 
     </span>
     <span class='ocr_line' id='line_1_30' title="bbox 203 2208 534 2236; baseline 0 0"><span class='ocrx_word' id='word_1_276' title='bbox 203 2208 330 2236; x_wconf 84' lang='lat' dir='ltr'>contra</span> <span class='ocrx_word' id='word_1_277' title='bbox 353 2208 534 2236; x_wconf 85' lang='lat' dir='ltr'>naturam.</span> 
     </span>
    </p>
   </div>
   <div class='ocr_carea' id='block_1_4' title="bbox 203 2280 412 2286">
    <p class='ocr_par' dir='ltr' id='par_1_6' title="bbox 203 2280 412 2286">
     <span class='ocr_line' id='line_1_31' title="bbox 203 2280 412 2286; baseline 0 0"><span class='ocrx_word' id='word_1_278' title='bbox 203 2280 412 2286; x_wconf 95' lang='lat' dir='ltr'> </span> 
     </span>
    </p>
   </div>
   <div class='ocr_carea' id='block_1_5' title="bbox 200 2323 1690 2837">
    <p class='ocr_par' dir='ltr' id='par_1_7' title="bbox 206 2323 1690 2483">
     <span class='ocr_line' id='line_1_32' title="bbox 299 2323 1690 2364; baseline 0.001 -10"><span class='ocrx_word' id='word_1_279' title='bbox 299 2333 312 2354; x_wconf 93' lang='lat'>1</span> <span class='ocrx_word' id='word_1_280' title='bbox 339 2323 525 2354; x_wconf 83' lang='lat' dir='ltr'>licentiam</span> <span class='ocrx_word' id='word_1_281' title='bbox 548 2324 599 2354; x_wconf 71' lang='lat' dir='ltr'>bis</span> <span class='ocrx_word' id='word_1_282' title='bbox 624 2333 686 2363; x_wconf 73' lang='lat' dir='ltr'>scr,</span> <span class='ocrx_word' id='word_1_283' title='bbox 712 2325 815 2355; x_wconf 80' lang='lat' dir='ltr'>semel</span> <span class='ocrx_word' id='word_1_284' title='bbox 838 2328 903 2364; x_wconf 73' lang='lat' dir='ltr'>exp</span> <span class='ocrx_word' id='word_1_285' title='bbox 951 2329 985 2356; x_wconf 84' lang='lat' dir='ltr'>K</span> <span class='ocrx_word' id='word_1_286' title='bbox 1269 2334 1286 2363; x_wconf 79' lang='lat'>3</span> <span class='ocrx_word' id='word_1_287' title='bbox 1311 2323 1502 2355; x_wconf 79' lang='lat' dir='ltr'>fortissimi</span> <span class='ocrx_word' id='word_1_288' title='bbox 1525 2324 1690 2356; x_wconf 85' lang='lat' dir='ltr'>homines</span> 
     </span>
     <span class='ocr_line' id='line_1_33' title="bbox 206 2380 1685 2425; baseline 0.001 -12"><span class='ocrx_word' id='word_1_289' title='bbox 206 2381 285 2422; x_wconf 87' lang='lat' dir='ltr'>(uiri</span> <span class='ocrx_word' id='word_1_290' title='bbox 310 2380 357 2419; x_wconf 83' lang='lat' dir='ltr'>ss)</span> <span class='ocrx_word' id='word_1_291' title='bbox 383 2395 400 2414; x_wconf 89' lang='lat' dir='ltr'>e</span> <span class='ocrx_word' id='word_1_292' title='bbox 636 2395 655 2423; x_wconf 82' lang='lat'><strong>4</strong></span> <span class='ocrx_word' id='word_1_293' title='bbox 676 2383 900 2424; x_wconf 80' lang='lat' dir='ltr'>reliquerunt</span> <span class='ocrx_word' id='word_1_294' title='bbox 926 2394 943 2421; x_wconf 71' lang='grc' dir='ltr'><em>γ</em></span> <span class='ocrx_word' id='word_1_295' title='bbox 1170 2383 1318 2424; x_wconf 87' lang='lat' dir='ltr'>perinde</span> <span class='ocrx_word' id='word_1_296' title='bbox 1344 2383 1515 2424; x_wconf 79' lang='lat' dir='ltr'>[PN]KD</span> <span class='ocrx_word' id='word_1_297' title='bbox 1540 2386 1618 2425; x_wconf 90' lang='lat' dir='ltr'>(pro</span> <span class='ocrx_word' id='word_1_298' title='bbox 1640 2385 1685 2423; x_wconf 75' lang='lat' dir='ltr'>ss)</span> 
     </span>
     <span class='ocr_line' id='line_1_34' title="bbox 412 2442 1689 2483; baseline 0.002 -11"><span class='ocrx_word' id='word_1_299' title='bbox 412 2451 430 2480; x_wconf 84' lang='lat'><strong>5</strong></span> <span class='ocrx_word' id='word_1_300' title='bbox 465 2451 551 2473; x_wconf 85' lang='lat' dir='ltr'>nam</span> <span class='ocrx_word' id='word_1_301' title='bbox 582 2452 623 2472; x_wconf 87' lang='lat' dir='ltr'>ea</span> <span class='ocrx_word' id='word_1_302' title='bbox 655 2442 743 2483; x_wconf 85' lang='lat' dir='ltr'>quid</span> <span class='ocrx_word' id='word_1_303' title='bbox 777 2448 811 2474; x_wconf 83' lang='lat' dir='ltr'><strong>K</strong></span> <span class='ocrx_word' id='word_1_304' title='bbox 1022 2445 1042 2473; x_wconf 75' lang='grc' dir='ltr'>ὑ</span> <span class='ocrx_word' id='word_1_305' title='bbox 1070 2442 1218 2483; x_wconf 88' lang='lat' dir='ltr'>quidere</span> <span class='ocrx_word' id='word_1_306' title='bbox 1248 2442 1298 2481; x_wconf 89' lang='lat' dir='ltr'>(ui</span> <span class='ocrx_word' id='word_1_307' title='bbox 1325 2447 1369 2478; x_wconf 79' lang='lat' dir='ltr'>ss)</span> <span class='ocrx_word' id='word_1_308' title='bbox 1404 2443 1443 2474; x_wconf 74' lang='lat' dir='ltr'>Pl</span> <span class='ocrx_word' id='word_1_309' title='bbox 1494 2442 1609 2474; x_wconf 83' lang='lat' dir='ltr'>uideri</span> <span class='ocrx_word' id='word_1_310' title='bbox 1663 2447 1689 2474; x_wconf 93' lang='lat' dir='ltr'><strong>P</strong></span> 
     </span>
    </p>

    <p class='ocr_par' dir='ltr' id='par_1_8' title="bbox 390 2500 1686 2541">
     <span class='ocr_line' id='line_1_35' title="bbox 390 2500 1686 2541; baseline 0.002 -10"><span class='ocrx_word' id='word_1_311' title='bbox 390 2500 525 2531; x_wconf 87' lang='lat' dir='ltr'>nemini</span> <span class='ocrx_word' id='word_1_312' title='bbox 552 2504 637 2531; x_wconf 88' lang='lat' dir='ltr'>sunt</span> <span class='ocrx_word' id='word_1_313' title='bbox 666 2501 851 2533; x_wconf 84' lang='lat' dir='ltr'>credibilia</span> <span class='ocrx_word' id='word_1_314' title='bbox 906 2501 943 2533; x_wconf 70' lang='grc' dir='ltr'>Ρι</span> <span class='ocrx_word' id='word_1_315' title='bbox 1186 2512 1202 2541; x_wconf 84' lang='lat'>7</span> <span class='ocrx_word' id='word_1_316' title='bbox 1233 2504 1443 2532; x_wconf 84' lang='lat' dir='ltr'>constructa</span> <span class='ocrx_word' id='word_1_317' title='bbox 1475 2502 1686 2541; x_wconf 84' lang='lat' dir='ltr'>(constrata.</span> 
     </span>
    </p>

    <p class='ocr_par' dir='ltr' id='par_1_9' title="bbox 200 2560 1689 2837">
     <span class='ocr_line' id='line_1_36' title="bbox 202 2560 1688 2602; baseline 0.001 -13"><span class='ocrx_word' id='word_1_318' title='bbox 202 2562 352 2590; x_wconf 78' lang='lat' dir='ltr'>extenta</span> <span class='ocrx_word' id='word_1_319' title='bbox 379 2561 424 2598; x_wconf 80' lang='lat' dir='ltr'>ss)</span> <span class='ocrx_word' id='word_1_320' title='bbox 460 2560 499 2591; x_wconf 71' lang='lat' dir='ltr'>P4</span> <span class='ocrx_word' id='word_1_321' title='bbox 528 2563 714 2591; x_wconf 74' lang='lat' dir='ltr'>constrata</span> <span class='ocrx_word' id='word_1_322' title='bbox 742 2571 816 2591; x_wconf 70' lang='lat' dir='ltr'>corr</span> <span class='ocrx_word' id='word_1_323' title='bbox 845 2565 915 2592; x_wconf 85' lang='grc' dir='ltr'>ΚΙ)</span> <span class='ocrx_word' id='word_1_324' title='bbox 943 2564 1093 2591; x_wconf 78' lang='lat' dir='ltr'>extenta</span> <span class='ocrx_word' id='word_1_325' title='bbox 1115 2570 1148 2591; x_wconf 79' lang='lat' dir='ltr'>ss</span> <span class='ocrx_word' id='word_1_326' title='bbox 1174 2561 1246 2592; x_wconf 84' lang='lat' dir='ltr'>P¹B</span> <span class='ocrx_word' id='word_1_327' title='bbox 1483 2570 1503 2598; x_wconf 75' lang='grc'>9</span> <span class='ocrx_word' id='word_1_328' title='bbox 1526 2570 1590 2602; x_wconf 89' lang='lat' dir='ltr'>pro</span> <span class='ocrx_word' id='word_1_329' title='bbox 1614 2564 1688 2591; x_wconf 86' lang='lat' dir='ltr'>tur-</span> 
     </span>
     <span class='ocr_line' id='line_1_37' title="bbox 201 2617 1689 2660; baseline 0.001 -12"><span class='ocrx_word' id='word_1_330' title='bbox 201 2617 368 2659; x_wconf 87' lang='lat' dir='ltr'>pitudine</span> <span class='ocrx_word' id='word_1_331' title='bbox 412 2623 441 2649; x_wconf 94' lang='lat' dir='ltr'>D</span> <span class='ocrx_word' id='word_1_332' title='bbox 469 2618 543 2659; x_wconf 87' lang='lat' dir='ltr'>(per</span> <span class='ocrx_word' id='word_1_333' title='bbox 565 2628 665 2650; x_wconf 87' lang='lat' dir='ltr'>-nem</span> <span class='ocrx_word' id='word_1_334' title='bbox 686 2620 731 2658; x_wconf 82' lang='lat' dir='ltr'>ss)</span> <span class='ocrx_word' id='word_1_335' title='bbox 758 2625 825 2651; x_wconf 75' lang='grc' dir='ltr'>ΜΕ</span> <span class='ocrx_word' id='word_1_336' title='bbox 963 2629 1003 2650; x_wconf 94' lang='grc'>10</span> <span class='ocrx_word' id='word_1_337' title='bbox 1027 2619 1144 2660; x_wconf 85' lang='lat' dir='ltr'>stupri</span> <span class='ocrx_word' id='word_1_338' title='bbox 1168 2624 1204 2650; x_wconf 87' lang='lat' dir='ltr'>et</span> <span class='ocrx_word' id='word_1_339' title='bbox 1228 2629 1363 2660; x_wconf 73' lang='lat' dir='ltr'>ganeae</span> <span class='ocrx_word' id='word_1_340' title='bbox 1386 2631 1409 2651; x_wconf 89' lang='lat' dir='ltr'>n</span> <span class='ocrx_word' id='word_1_341' title='bbox 1557 2628 1592 2650; x_wconf 92' lang='lat'>11</span> <span class='ocrx_word' id='word_1_342' title='bbox 1621 2619 1689 2650; x_wconf 89' lang='lat' dir='ltr'>uiri</span> 
     </span>
     <span class='ocr_line' id='line_1_38' title="bbox 200 2676 1683 2719; baseline 0.001 -12"><span class='ocrx_word' id='word_1_343' title='bbox 200 2676 354 2717; x_wconf 82' lang='lat' dir='ltr'>[KTD]s</span> <span class='ocrx_word' id='word_1_344' title='bbox 419 2676 516 2707; x_wconf 85' lang='lat' dir='ltr'>uiros</span> <span class='ocrx_word' id='word_1_345' title='bbox 538 2678 598 2708; x_wconf 72' lang='lat' dir='ltr'>rell</span> <span class='ocrx_word' id='word_1_346' title='bbox 789 2678 978 2709; x_wconf 84' lang='lat' dir='ltr'>muliebria</span> <span class='ocrx_word' id='word_1_347' title='bbox 999 2679 1035 2709; x_wconf 75' lang='lat' dir='ltr'>in</span> <span class='ocrx_word' id='word_1_348' title='bbox 1058 2688 1115 2709; x_wconf 75' lang='lat' dir='ltr'>ras</span> <span class='ocrx_word' id='word_1_349' title='bbox 1154 2684 1181 2710; x_wconf 93' lang='lat' dir='ltr'><strong>B</strong></span> <span class='ocrx_word' id='word_1_350' title='bbox 1359 2688 1397 2710; x_wconf 85' lang='lat'>12</span> <span class='ocrx_word' id='word_1_351' title='bbox 1419 2682 1513 2709; x_wconf 86' lang='lat' dir='ltr'>terra</span> <span class='ocrx_word' id='word_1_352' title='bbox 1536 2680 1583 2719; x_wconf 79' lang='lat' dir='ltr'>(q.</span> <span class='ocrx_word' id='word_1_353' title='bbox 1605 2678 1683 2713; x_wconf 79' lang='lat' dir='ltr'>add)</span> 
     </span>
     <span class='ocr_line' id='line_1_39' title="bbox 201 2735 1689 2778; baseline 0 -12"><span class='ocrx_word' id='word_1_354' title='bbox 201 2735 365 2777; x_wconf 85' lang='lat' dir='ltr'>marique</span> <span class='ocrx_word' id='word_1_355' title='bbox 402 2741 430 2767; x_wconf 87' lang='lat' dir='ltr'>B</span> <span class='ocrx_word' id='word_1_356' title='bbox 603 2745 642 2774; x_wconf 82' lang='lat'>13</span> <span class='ocrx_word' id='word_1_357' title='bbox 664 2736 795 2778; x_wconf 86' lang='lat' dir='ltr'>cupido</span> <span class='ocrx_word' id='word_1_358' title='bbox 815 2737 932 2768; x_wconf 81' lang='lat' dir='ltr'>somni</span> <span class='ocrx_word' id='word_1_359' title='bbox 977 2748 995 2775; x_wconf 74' lang='grc' dir='ltr'><em>γ</em></span> <span class='ocrx_word' id='word_1_360' title='bbox 1173 2747 1214 2777; x_wconf 77' lang='lat'>14</span> <span class='ocrx_word' id='word_1_361' title='bbox 1237 2737 1360 2768; x_wconf 78' lang='lat' dir='ltr'>famen</span> <span class='ocrx_word' id='word_1_362' title='bbox 1382 2749 1406 2768; x_wconf 89' lang='lat' dir='ltr'>n</span> <span class='ocrx_word' id='word_1_363' title='bbox 1616 2746 1689 2767; x_wconf 88' lang='lat' dir='ltr'>non</span> 
     </span>
     <span class='ocr_line' id='line_1_40' title="bbox 200 2794 1688 2837; baseline 0.002 -12"><span class='ocrx_word' id='word_1_364' title='bbox 200 2794 301 2825; x_wconf 89' lang='lat' dir='ltr'>sitim</span> <span class='ocrx_word' id='word_1_365' title='bbox 344 2799 457 2833; x_wconf 69' lang='lat' dir='ltr'>KHrs</span> <span class='ocrx_word' id='word_1_366' title='bbox 735 2798 799 2826; x_wconf 87' lang='lat' dir='ltr'>aut</span> <span class='ocrx_word' id='word_1_367' title='bbox 821 2795 1074 2827; x_wconf 74' lang='lat' dir='ltr'>lassitudinem</span> <span class='ocrx_word' id='word_1_368' title='bbox 1095 2805 1212 2837; x_wconf 86' lang='lat' dir='ltr'>neque</span> <span class='ocrx_word' id='word_1_369' title='bbox 1234 2795 1334 2827; x_wconf 81' lang='lat' dir='ltr'>sitim</span> <span class='ocrx_word' id='word_1_370' title='bbox 1355 2805 1471 2837; x_wconf 86' lang='lat' dir='ltr'>neque</span> <span class='ocrx_word' id='word_1_371' title='bbox 1492 2795 1605 2837; x_wconf 77' lang='lat' dir='ltr'>frigus</span> <span class='ocrx_word' id='word_1_372' title='bbox 1646 2795 1688 2828; x_wconf 64' lang='grc' dir='ltr'>Ρ*</span> 
     </span>
    </p>
   </div>
   <div class='ocr_carea' id='block_1_6' title="bbox 201 2853 577 2894">
    <p class='ocr_par' dir='ltr' id='par_1_10' title="bbox 201 2853 577 2894">
     <span class='ocr_line' id='line_1_41' title="bbox 201 2853 577 2894; baseline 0.003 -11"><span class='ocrx_word' id='word_1_373' title='bbox 201 2862 317 2894; x_wconf 86' lang='lat' dir='ltr'>neque</span> <span class='ocrx_word' id='word_1_374' title='bbox 339 2853 451 2893; x_wconf 79' lang='lat' dir='ltr'>frigus</span> <span class='ocrx_word' id='word_1_375' title='bbox 473 2863 526 2884; x_wconf 82' lang='lat' dir='ltr'>om</span> <span class='ocrx_word' id='word_1_376' title='bbox 551 2858 577 2884; x_wconf 85' lang='lat' dir='ltr'><strong>F</strong></span> 
     </span>
    </p>
   </div>
  </div>
 </body>
</html>
