2028 3261
494 238 784 270 CONIVRAno
817 239 1072 272 CATILINAE
1107 230 1154 277 [c.
1178 231 1313 278 9—11]
1629 241 1682 282 17

189 347 351 388 dubias
390 350 538 399 atque
587 360 768 400 asperas
817 360 886 387 res
924 346 1055 387 facile
1094 346 1415 394 tolerauerant,
1455 347 1509 388 iis
1537 346 1682 387 otium

190 416 482 469 diuitiaeque,
547 417 751 470 optanda
814 416 936 464 alias,
1002 416 1124 456 oneri
1189 415 1483 468 miseriaeque
1543 416 1679 457 fuere.

190 487 326 540 igitur
382 486 528 541 primo
588 486 818 540 pecuniae,
881 486 1043 526 deinde
1101 485 1261 538 imperi
1313 486 1478 538 cupido
1525 487 1682 534 creuit;
1713 496 1741 536 3

190 571 244 599 ea
309 557 436 610 quasi
502 557 712 598 materies
772 555 975 597 omnium
1031 555 1254 596 malorum
1296 555 1433 596 fuere.
1486 569 1685 609 namque
1713 566 1742 608 4

143 636 167 679 5
192 618 385 669 auaritia
454 627 607 675 fidem,
676 626 955 680 probitatem
1043 631 1305 678 ceterasque
1365 626 1475 666 artis
1540 626 1686 667 bonas

193 698 435 746 subuortit;
476 711 558 750 pro
596 697 665 737 his
704 696 977 749 superbiam,
1037 696 1367 743 crudelitatem,
1429 696 1536 737 deos
1581 710 1685 749 neg-

136 811 138 813 ,
192 769 346 822 legere,
395 767 546 809 omnia
590 766 769 807 uenalia
813 766 978 807 habere
1024 766 1217 807 edocuit.
1296 766 1486 807 ambitio
1517 767 1687 807 multos
1716 776 1742 818 5

193 838 397 880 mortalis
422 837 559 878 falsos
579 837 674 877 fieri
697 836 887 889 subegit,
912 837 1034 877 aliud
1055 837 1258 877 clausum
1279 837 1325 876 in
1345 842 1541 890 pectore,
1566 838 1689 878 aliud

192 909 239 950 in
273 909 425 961 lingua
459 912 725 960 promptum
760 898 938 955 habere,
978 907 1201 948 amicitias
1222 907 1576 960 inimicitiasque
1597 922 1688 949 non

124 991 177 1020 10
198 994 253 1020 ex
284 993 330 1019 re
367 978 444 1018 sed
470 991 525 1018 ex
546 978 785 1018 commodo
806 983 1073 1025 aestumare,
1096 977 1328 1029 magisque
1351 978 1531 1018 uoltum
1552 992 1691 1030 quam

193 1048 422 1102 ingenium
453 1048 625 1107 bonum
656 1048 833 1089 habere.
897 1049 1007 1088 haec
1038 1047 1184 1101 primo
1220 1048 1443 1101 paulatim
1482 1062 1688 1097 crescere,
1717 1047 1744 1088 6

194 1119 425 1160 interdum
479 1118 712 1166 uindicari;
755 1124 860 1172 post
900 1119 977 1159 ubi
1019 1118 1229 1170 contagio
1265 1118 1394 1170 quasi
1429 1119 1690 1171 pestilentia

194 1189 375 1237 inuasit,
412 1189 572 1230 ciuitas
604 1189 847 1237 inmutata,
884 1188 1122 1242 imperium
1158 1202 1214 1229 ex
1253 1189 1515 1230 iustissumo
1553 1195 1690 1242 atque

196 1266 385 1314 optumo
437 1260 615 1300 crudele
665 1260 1092 1312 intolerandumque
1126 1259 1315 1300 factum.

125 1341 178 1384 15
294 1330 381 1373 Sed
410 1330 556 1383 primo
587 1330 728 1382 magis
760 1330 949 1371 ambitio
981 1344 1118 1382 quam
1140 1330 1334 1371 auaritia
1355 1330 1528 1371 animos
1547 1330 1689 1372 homi·
1716 1328 1760 1366 11

290 1459 320 1488 7.
370 1448 469 1479 Seru.
495 1449 641 1479 adfieo.
667 1449 687 1478 I
712 1449 779 1487 463
805 1448 894 1488 ’quis
918 1450 1027 1479 dicere
1058 1449 1189 1486 falsum
1219 1449 1253 1479 αἶ
1282 1449 1455 1486 fallasem.
1482 1450 1693 1480 Sallustius:

197 1507 350 1539 ambitio
372 1508 508 1537 multos
530 1508 703 1537 mortales
725 1507 836 1537 falsos
857 1507 934 1537 ficri
959 1507 1086 1547 coegit.
1134 1508 1232 1538 Idem
1256 1509 1302 1538 ad
1322 1509 1412 1538 Aen.
1437 1508 1494 1538 IV
1517 1509 1584 1546 283
1608 1508 1691 1539 ’ani-

196 1568 266 1598 bz're
288 1566 484 1597 blamlitiis'
506 1584 553 1588 —
573 1585 619 1588 —
639 1584 695 1597 —.
720 1570 748 1597 ct
769 1566 896 1597 ’ambio
919 1568 1017 1597 illam
1040 1567 1124 1597 rem'
1146 1568 1298 1597 dicimus
1323 1571 1358 1597 ut
1374 1585 1421 1589 —
1440 1586 1487 1589 —
1511 1586 1558 1589 —
1575 1568 1692 1598 Sallu-

196 1627 304 1657 stz‘us:
354 1625 507 1655 ambitio
534 1625 669 1655 multos
695 1626 871 1656 mortales
896 1625 1006 1655 falsos
1030 1625 1111 1655 fieri
1136 1625 1292 1665 subegit.

291 1685 321 1714 8.
373 1685 472 1714 Seru.
499 1685 545 1714 ad
570 1685 659 1714 Aen.
693 1684 767 1715 I'II
793 1693 835 1722 51
863 1684 956 1722 ’fato'
983 1688 1098 1715 aulem
1119 1685 1204 1715 (lii-it
1230 1686 1427 1715 uolszale:
1472 1695 1555 1716 uam
1580 1686 1634 1716 dit
1656 1686 1694 1716 id

195 1744 319 1782 santur
339 1744 429 1783 quod
448 1744 618 1779 sentiunt,
641 1753 711 1772 noti
735 1747 770 1773 ut
790 1743 960 1781 homines,
984 1744 1023 1774 de
1044 1744 1171 1784 (suibus
1189 1745 1313 1774 lectum
1336 1747 1402 1774 est:
1415 1743 1514 1774 aliud
1527 1745 1693 1774 clausum

198 1802 235 1832 in
263 1806 420 1843 pectore,
450 1800 549 1831 aliud
576 1801 613 1831 in
639 1801 763 1842 lingua
790 1805 1004 1843 promptum
1030 1802 1176 1832 habere.

292 1870 322 1897 9·
374 1861 482 1891 Aras.
529 1860 602 1890 VII
640 1865 663 1900 p
690 1870 757 1899 450
783 1862 829 1892 Κ.
860 1861 1016 1892 'aestimo
1042 1861 1101 1892 lzoc
1127 1871 1168 1891 er
1194 1863 1256 1892 illa
1283 1861 1340 1900 re’,
1369 1862 1441 1892 Sal.
1469 1863 1543 1892 Bel.
1568 1863 1693 1893 Catil:

200 1919 381 1951 amicitias
403 1919 687 1959 inimicitiasque
710 1929 783 1950 non
806 1931 850 1950 ex
872 1930 908 1950 re
931 1920 993 1951 sed
1016 1930 1060 1950 ex
1084 1920 1274 1950 commodo
1299 1921 1502 1951 aestimare.

296 1987 347 2008 12.
400 1979 493 2009 Non.
523 1982 546 2018 p
575 1988 669 2020 1991
698 1980 752 2009 JI.
779 1979 959 2019 'contagio'
980 1980 1154 2017 feminino
1174 1990 1293 2019 gwere
1312 1981 1523 2020 appellatur.
1577 1980 1694 2011 Sallu-

201 2039 308 2068 stius:
333 2040 415 2078 post
439 2037 501 2067 ubi
526 2037 694 2077 contagio
719 2038 824 2078 quasi
848 2038 1058 2079 pestilentia
1081 2038 1228 2068 inuasit.
1254 2057 1301 2060 -—
1324 2039 1463 2070 Charis.
1490 2039 1511 2069 I
1534 2043 1557 2079 p
1581 2048 1623 2078 71
1646 2039 1692 2069 K.

204 2096 425 2136 ’contagium'
457 2101 584 2127 ueleres
603 2098 715 2136 magiis
735 2101 1007 2137 uszwpauerunt,
1027 2098 1086 2128 sed
1102 2098 1295 2128 Sallustius
1313 2099 1550 2137 conlagioziem
1571 2099 1696 2128 maluit

202 2156 331 2186 dicere:
382 2158 476 2196 post,
505 2155 567 2186 ubi
595 2155 763 2195 contagio
792 2156 896 2196 quasi
923 2156 1133 2197 pestilentia
1160 2156 1306 2196 inuasit,
1337 2156 1468 2187 ciuitas
1495 2156 1693 2187 inmutata.

201 2232 249 2237 -—
276 2215 321 2252 Cf
349 2214 440 2244 Dict.
472 2215 515 2244 II
546 2223 599 2244 22.

302 2282 352 2312 15.
400 2274 591 2314 Augustin.
615 2275 683 2305 (iu.
708 2274 752 2304 D.
784 2274 811 2304 1·
835 2283 876 2304 12
900 2275 990 2305 unde
1012 2276 1073 2315 qui
1095 2275 1178 2305 tales
1200 2279 1298 2306 erant
1319 2293 1366 2296 —
1385 2293 1432 2297 —
1453 2285 1522 2305 non
1547 2276 1619 2306 illis
1642 2285 1695 2305 ar-

204 2333 296 2363 tibus
324 2332 369 2362 ad
395 2332 539 2363 honores
566 2337 596 2363 et
622 2334 781 2373 gloriam,
811 2333 869 2364 sed
897 2333 988 2363 dolis
1016 2332 1135 2374 adque
1163 2333 1316 2364 fallaciis
1343 2334 1551 2365 ambiebant.
1605 2333 1696 2364 unde

205 2392 297 2423 idem
326 2392 383 2430 (sc.
413 2392 513 2430 Sall.)
544 2392 647 2422 dicit:
674 2391 736 2422 sed
764 2391 880 2433 primo
907 2393 1022 2432 magis
1051 2392 1204 2423 ambitio
1232 2402 1344 2434 quam
1372 2392 1529 2423 auaritia
1556 2392 1698 2422 animos

304 2518 317 2539 1
346 2509 552 2539 tolaucrant
579 2509 628 2548 (er
652 2510 696 2545 ss)
728 2515 755 2540 B
781 2509 986 2540 toleuerant
1015 2515 1047 2541 K
1072 2509 1322 2540 tolerauerunt
1344 2510 1418 2548 312?
1578 2509 1697 2540 otium

207 2557 430 2608 diuitiaeque
468 2567 620 2609 [P1]1>²B
656 2577 726 2608 que
757 2578 809 2598 om
837 2569 897 2599 rell
929 2563 978 2610 [cs
1006 2569 1101 2599 Prol.
1133 2573 1156 2609 p
1186 2564 1271 2611 179]
1313 2578 1330 2599 2
1360 2568 1525 2609 optanda
1561 2567 1606 2600 ΠΙ
1633 2578 1695 2609 op-

208 2626 330 2656 tandae
360 2631 394 2657 Κ
411 2627 595 2666 optandae
613 2626 686 2667 [P1]
720 2628 779 2658 wll
939 2627 1027 2657 alias
1061 2633 1100 2658 Pl
1120 2627 1189 2657 alia
1208 2628 1248 2658 Ρ1
1283 2627 1362 2658 aliis
1379 2627 1452 2668 [Pl]
1471 2629 1530 2658 rell

209 2695 226 2723 3
259 2684 518 2725 igitur—fuere
548 2686 587 2715 in
620 2696 674 2725 mg
734 2686 774 2716 Ρ2
967 2688 986 2716 (j
1018 2686 1182 2726 negglere
1215 2691 1242 2717 P
1435 2696 1452 2726 7
1479 2685 1604 2716 docuit
1636 2685 1696 2717 P¹s

395 2746 431 2773 et
455 2743 606 2774 ambitio
638 2745 878 2776 NKM2Tnme
1117 2754 1157 2775 12
1208 2745 1419 2785 contagium
1466 2744 1695 2784 [P1P2BN]H

208 2802 295 2843 [T]n
442 2811 481 2840 13
513 2802 642 2832 ciuitas
670 2812 703 2832 ss
735 2808 770 2834 Κ
960 2804 1159 2834 immutata
1188 2808 1242 2834 est
1272 2809 1307 2834 K
1336 2809 1390 2833 est
1419 2813 1452 2833 ss
1484 2808 1509 2833 T

211 2871 252 2901 14
281 2861 422 2891 factum
451 2864 505 2891 est
537 2866 570 2891 H
595 2864 650 2891 est
678 2871 711 2891 ss
744 2862 897 2892 KM²TD
1101 2871 1140 2900 15
1171 2872 1284 2902 quam
1311 2872 1352 2893 ex
1380 2871 1450 2902 que
1481 2861 1520 2892 P1
