2028 3261
539 215 827 246 coNIVRATIO
869 213 1122 246 CATILINAE
1166 204 1210 251 [c.
1244 205 1398 252 53ss54]
1647 213 1702 254 75

208 322 320 362 luxu
347 325 485 373 atque
514 319 686 361 desidia
712 320 873 360 ciuitas
900 324 1113 371 corrupta
1138 324 1220 367 est,
1249 332 1401 360 rursus
1428 334 1496 360 res
1522 319 1703 373 publica

209 391 524 445 magnitudine
557 404 639 432 sua
671 390 998 444 imperatorum
1031 394 1170 441 atque
1203 389 1557 441 magistratuum
1590 390 1703 429 uitia

208 462 512 510 sustentabat,
538 474 590 502 ac
611 461 743 502 sicuti
765 460 904 501 effeta
924 463 1168 513 parentum
1182 453 1438 514 <ui)multis
1459 464 1702 512 tempesta-

208 533 331 574 tibus
375 532 498 573 haud
541 545 648 573 sane
692 531 933 583 quisquam
965 532 1138 570 Romae
1169 528 1340 569 uirtute
1365 543 1559 582 magnus
1596 529 1697 570 fuit.

161 616 185 658 5
207 604 285 645 sed
342 602 561 644 memoria
624 615 725 642 mea
779 599 952 653 ingenti
1012 599 1197 647 uirtute,
1256 600 1448 640 diuorsis
1502 600 1703 641 moribus
1724 599 1749 639 6

207 675 331 715 fuere
373 674 456 714 uiri
505 674 608 720 duo,
657 673 716 712 M.
767 671 880 712 Cato
927 676 973 710 et
1019 670 1064 711 C.
1105 670 1278 711 Caesar.
1337 685 1450 723 quos
1487 671 1703 723 quoniam

208 759 276 786 res
307 744 549 791 obtulerat,
583 741 762 782 silentio
792 741 1036 795 praeterire
1066 754 1159 782 non
1189 740 1277 781 fuit
1308 741 1558 789 consilium,
1594 741 1703 794 quin

207 815 443 866 utriusque
481 818 695 853 naturam
733 817 779 852 et
817 801 976 859 mores,
1019 817 1245 864 quantum
1282 811 1461 864 ingenio
1498 825 1699 865 possum,

208 885 438 940 aperirem.
493 882 631 936 igitur
654 883 722 923 his
745 897 897 936 genus,
925 888 1063 930 aetas,
1090 882 1351 935 eloquentia
1373 897 1514 936 prope
1538 896 1702 935 aequa·
1723 893 1773 930 54

137 956 269 997 101ia
298 955 434 1002 fuere,
467 954 736 1007 magnitudo
767 953 904 994 animi
935 966 1029 1007 par,
1061 953 1172 994 item
1201 953 1354 1006 gloria,
1387 954 1464 993 sed
1496 953 1583 993 alia
1613 953 1699 993 alii.

211 1026 372 1068 Caesar
407 1024 638 1066 beneficiis
665 1038 716 1065 ac
752 1023 1065 1065 munificentia
1102 1037 1292 1077 magnus
1328 1024 1597 1071 habebatur,
1635 1024 1700 1063 in·
1721 1036 1744 1065 2

206 1097 421 1150 tegritate
458 1096 582 1136 uitae
620 1095 744 1136 Cato.
814 1095 887 1135 ille
924 1094 1274 1135 mansuetudine
1312 1099 1358 1134 et
1396 1094 1703 1135 misericordia

206 1168 352 1208 clarus
383 1167 546 1213 factus,
582 1166 686 1206 huic
719 1165 936 1207 seueritas
969 1165 1241 1217 dignitatem
1276 1165 1527 1205 addiderat.
1594 1165 1699 1206 Cae·
1721 1176 1745 1216 3

205 1251 277 1279 sar
310 1238 474 1285 dando,
511 1236 805 1284 subleuando,
841 1236 1134 1289 ignoscendo;
1172 1236 1284 1277 Cato
1318 1236 1428 1276 nihil
1472 1235 1702 1288 largiendo

136 1319 189 1361 15
210 1308 397 1361 gloriam
430 1308 623 1361 adeptus
654 1313 735 1347 est.
769 1307 816 1347 in
848 1308 989 1347 altero
1021 1306 1193 1348 miseris
1224 1307 1480 1360 perfugium
1512 1312 1622 1355 erat;
1656 1306 1700 1347 in

206 1379 348 1419 altero
388 1378 517 1419 malis
558 1377 787 1431 pernicies.
859 1377 976 1418 illius
1016 1377 1225 1425 facilitas,
1268 1377 1401 1418 huius
1442 1377 1702 1418 constantia

204 1449 493 1490 laudabatur.
564 1454 794 1502 postremo
832 1448 995 1489 Caesar
1032 1449 1078 1488 in
1116 1448 1320 1488 animum
1357 1448 1600 1489 induxerat
1639 1448 1748 1500 la-4

204 1520 377 1568 borare,
407 1519 605 1572 uigilare,
635 1519 826 1572 negotiis
854 1519 1102 1559 amicorum
1128 1519 1333 1559 intentus
1360 1532 1441 1559 sua
1455 1519 1698 1571 neglegere,

298 1648 328 1677 5.
383 1639 427 1676 Cf
467 1638 660 1678 Augustin.
700 1639 769 1668 cm.
799 1638 843 1668 D.
881 1638 908 1667 V
936 1647 978 1668 12
1006 1637 1133 1668 laudat
1162 1637 1259 1668 idem
1285 1638 1481 1669 Sallustius
1506 1656 1553 1659 —
1579 1656 1625 1659 —
1651 1639 1698 1668 M.

202 1698 381 1729 Catonem
406 1700 442 1727 et
471 1697 514 1728 G.
544 1697 745 1734 Caesarem,
772 1696 895 1727 dicens
921 1697 1019 1737 quod
1045 1697 1107 1727 diu
1133 1697 1194 1727 illa
1219 1707 1275 1728 res
1301 1697 1446 1738 publica
1473 1708 1544 1729 non
1570 1697 1701 1727 habuit

202 1766 427 1797 quemquam
453 1755 593 1786 uirtute
620 1766 793 1795 magnum
819 1755 882 1786 sed
908 1766 972 1786 sua
1000 1756 1173 1786 memoria
1199 1755 1311 1787 fuisse
1339 1757 1419 1787 illos
1445 1756 1536 1788 duos
1562 1755 1701 1796 ingenti

202 1815 352 1853 uirtute,
388 1814 540 1845 diuersis
575 1814 744 1845 moribus.

300 1884 351 1905 10.
403 1874 541 1904 Sacerci.
582 1874 633 1904 I'I
656 1878 680 1915 p
706 1883 771 1913 459
796 1875 842 1904 K.
870 1875 908 1904 de
935 1875 995 1905 iso.
1021 1892 1067 1896 —
1090 1892 1136 1895 ——
1158 1893 1205 1896 —
1227 1876 1276 1905 sic
1302 1876 1514 1906 Sallustius:
1563 1874 1700 1915 magni-

204 1934 293 1964 tudo
315 1933 426 1964 animi
446 1943 522 1974 par,
544 1932 633 1963 item
653 1933 777 1973 gloria,
800 1933 864 1964 sed
885 1933 956 1964 alia
978 1934 1050 1964 alii:
1074 1935 1206 1965 Cacsar
1222 1934 1411 1964 beneficiis
1427 1945 1468 1964 ac
1484 1933 1698 1964 munificen-

204 1992 255 2023 tia
289 2002 444 2033 magnus
476 1992 696 2029 habebatur,
731 1992 943 2032 integritate
975 1993 1077 2023 uitae
1110 1994 1212 2024 Cato.
1248 1993 1307 2023 ille.
1340 1993 1622 2024 mansuetudine
1663 1996 1699 2023 et

203 2051 451 2082 misericordia
491 2052 610 2081 clarus
648 2050 781 2089 factus,
823 2051 908 2081 huic
947 2052 1124 2082 seueritas
1163 2051 1385 2092 dignitatem
1424 2052 1626 2083 addiderat.
1654 2070 1701 2074 —-

203 2111 248 2149 Cf
271 2112 341 2141 Iul.
369 2111 519 2150 Capitol.
548 2111 608 2140 uit.
635 2111 727 2141 Max
749 2114 778 2140 et
801 2110 901 2141 Ball).
930 2121 979 2151 7.7
1004 2111 1159 2152 denique
1184 2112 1360 2148 nonnulli,
1386 2110 1700 2152 quemadmodum

202 2170 381 2200 Catonem
404 2173 440 2199 et
465 2170 655 2200 Caesarem
678 2170 875 2201 Sallustius
899 2174 1086 2211 conparat,
1113 2171 1165 2200 ita
1187 2171 1253 2201 hos
1277 2181 1422 2211 quoque
1447 2170 1700 2211 conparandos

202 2231 393 2270 putarunt,
417 2232 457 2259 ut
480 2229 636 2258 alterum
657 2239 835 2267 seuerum,
860 2230 1077 2260 clementem
1098 2230 1267 2267 alterum,
1291 2230 1428 2260 bonum
1448 2230 1564 2268 illum,
1587 2229 1701 2260 istum

202 2290 446 2325 constantem,
482 2287 585 2317 illum
618 2288 708 2318 nihil
741 2288 967 2329 largientem,
1002 2289 1100 2319 hunc
1133 2288 1351 2319 affluentem
1385 2275 1497 2330 copiis
1529 2288 1700 2319 omnibus

202 2346 375 2377 dicerent.

299 2473 312 2494 1
340 2459 517 2509 corrupta
543 2466 579 2503 (u
595 2462 641 2500 ss)
665 2470 674 2495 Ι
849 2475 865 2495 2
890 2465 1143 2506 magnitudine
1164 2475 1229 2495 sua
1251 2476 1306 2496 ex·
1324 2465 1379 2495 nis
1401 2475 1487 2495 suae
1506 2471 1531 2496 P

202 2523 461 2563 magistratum
497 2529 525 2555 N
544 2523 582 2563 (u
612 2524 658 2563 ss)
682 2530 715 2555 Κ
936 2534 953 2563 3
986 2524 1219 2555 sustentebat
1251 2531 1261 2556 l
1504 2526 1701 2565 parentum

201 2575 243 2610 ,ρ’
288 2585 483 2622 parentum
524 2582 561 2612 ui
598 2586 784 2622 praeeunte
822 2584 1012 2614 Ritsclzelz'o
1041 2584 1174 2614 coz'necz*
1205 2584 1256 2623 (ui
1284 2588 1345 2624 per
1374 2584 1528 2623 Izaplogr.
1561 2583 1700 2613 ‘uidetur

201 2641 383 2679 excidisse)
610 2653 629 2681 4
655 2642 794 2672 uirtute
819 2652 942 2672 romae
969 2655 990 2673 n
1248 2652 1265 2680 5
1294 2642 1455 2672 moribus
1481 2652 1521 2672 ex
1547 2642 1642 2671 mod.
1673 2648 1699 2674 P

408 2702 428 2729 o
451 2699 523 2730 duo
545 2699 613 2730 uiri
635 2706 692 2731 Dn
902 2702 920 2730 8
942 2711 1091 2741 possum
1114 2706 1246 2732 PDMls
1268 2711 1410 2741 possem
1431 2702 1493 2730 rell

200 2766 221 2794 9
249 2761 370 2803 aestas
393 2764 420 2790 Ρ
628 2759 856 2802 eloquentiae
888 2760 926 2790 Pl
1175 2769 1286 2800 prope
1308 2770 1360 2789 om
1383 2772 1418 2790 m
1658 2768 1695 2790 11

202 2820 316 2857 atque
339 2817 466 2847 munif.
496 2817 625 2849 ΡῬΞῬ4
804 2827 843 2856 15
869 2822 947 2848 erat
972 2828 1024 2848 om
1053 2823 1148 2849 DMn
1172 2828 1205 2848 ss
1234 2824 1297 2849 HF
1477 2820 1516 2847 16
1541 2816 1699 2849 facultas

201 2876 283 2906 M2T
308 2876 480 2916 (facilitas
502 2878 547 2916 ss)
573 2882 609 2907 Μ
633 2878 730 2917 (corr)
929 2878 968 2907 18
993 2877 1114 2907 labore
1155 2890 1172 2908 e
