<?xml version="1.0" encoding="UTF-8"?>
<!DOCTYPE html PUBLIC "-//W3C//DTD XHTML 1.0 Transitional//EN"
    "http://www.w3.org/TR/xhtml1/DTD/xhtml1-transitional.dtd">
<html xmlns="http://www.w3.org/1999/xhtml" xml:lang="en" lang="en">
 <head>
  <title>
</title>
<meta http-equiv="Content-Type" content="text/html;charset=utf-8" />
  <meta name='ocr-system' content='tesseract 3.04.00' />
  <meta name='ocr-capabilities' content='ocr_page ocr_carea ocr_par ocr_line ocrx_word'/>
</head>
<body>
  <div class='ocr_page' id='page_1' title='image "./coniuratiocatili00salluoft_0099.png"; bbox 0 0 2028 3261; ppageno 0'>
   <div class='ocr_carea' id='block_1_1' title="bbox 1681 192 1696 201">
    <p class='ocr_par' dir='ltr' id='par_1_1' title="bbox 1681 192 1696 201">
     <span class='ocr_line' id='line_1_1' title="bbox 1681 192 1696 201; baseline 0 -2"><span class='ocrx_word' id='word_1_1' title='bbox 1681 192 1696 201; x_wconf 85' lang='grc'>,..</span> 
     </span>
    </p>
   </div>
   <div class='ocr_carea' id='block_1_2' title="bbox 521 183 1698 231">
    <p class='ocr_par' dir='ltr' id='par_1_2' title="bbox 521 183 1698 231">
     <span class='ocr_line' id='line_1_2' title="bbox 521 183 1698 231; baseline 0 -8"><span class='ocrx_word' id='word_1_2' title='bbox 521 193 810 225; x_wconf 75' lang='lat' dir='ltr'><strong>CONIVRATIO</strong></span> <span class='ocrx_word' id='word_1_3' title='bbox 851 193 1105 226; x_wconf 69' lang='lat' dir='ltr'><strong>CATILINAE</strong></span> <span class='ocrx_word' id='word_1_4' title='bbox 1149 184 1192 231; x_wconf 83' lang='lat' dir='ltr'>[e.</span> <span class='ocrx_word' id='word_1_5' title='bbox 1231 184 1388 231; x_wconf 80' lang='lat'>60—61]</span> <span class='ocrx_word' id='word_1_6' title='bbox 1648 183 1698 231; x_wconf 65' lang='lat'>83</span> 
     </span>
    </p>
   </div>
   <div class='ocr_carea' id='block_1_3' title="bbox 131 298 1745 1125">
    <p class='ocr_par' dir='ltr' id='par_1_3' title="bbox 131 298 1745 1125">
     <span class='ocr_line' id='line_1_3' title="bbox 207 298 1744 353; baseline -0.001 -11"><span class='ocrx_word' id='word_1_7' title='bbox 207 300 371 342; x_wconf 88' lang='lat' dir='ltr'>amissa</span> <span class='ocrx_word' id='word_1_8' title='bbox 396 299 548 340; x_wconf 89' lang='lat' dir='ltr'>anima</span> <span class='ocrx_word' id='word_1_9' title='bbox 569 308 756 353; x_wconf 76' lang='lat' dir='ltr'>‘corpore</span> <span class='ocrx_word' id='word_1_10' title='bbox 782 299 978 351; x_wconf 84' lang='lat' dir='ltr'>tegebat.</span> <span class='ocrx_word' id='word_1_11' title='bbox 1035 298 1167 352; x_wconf 86' lang='lat' dir='ltr'>pauci</span> <span class='ocrx_word' id='word_1_12' title='bbox 1193 303 1360 346; x_wconf 84' lang='lat' dir='ltr'>autem,</span> <span class='ocrx_word' id='word_1_13' title='bbox 1389 312 1502 350; x_wconf 84' lang='lat' dir='ltr'>quos</span> <span class='ocrx_word' id='word_1_14' title='bbox 1527 300 1700 341; x_wconf 87' lang='lat' dir='ltr'>medios</span> <span class='ocrx_word' id='word_1_15' title='bbox 1721 311 1744 351; x_wconf 79' lang='lat'><em>3</em></span> 
     </span>
     <span class='ocr_line' id='line_1_4' title="bbox 207 368 1698 424; baseline -0.001 -11"><span class='ocrx_word' id='word_1_16' title='bbox 207 372 365 413; x_wconf 81' lang='lat' dir='ltr'>cohors</span> <span class='ocrx_word' id='word_1_17' title='bbox 405 370 633 424; x_wconf 89' lang='lat' dir='ltr'>praetoria</span> <span class='ocrx_word' id='word_1_18' title='bbox 674 369 923 417; x_wconf 80' lang='lat' dir='ltr'>disiecerat,</span> <span class='ocrx_word' id='word_1_19' title='bbox 967 369 1102 421; x_wconf 89' lang='lat' dir='ltr'>paulo</span> <span class='ocrx_word' id='word_1_20' title='bbox 1144 368 1379 415; x_wconf 85' lang='lat' dir='ltr'>diuorsius,</span> <span class='ocrx_word' id='word_1_21' title='bbox 1424 370 1501 409; x_wconf 87' lang='lat' dir='ltr'>sed</span> <span class='ocrx_word' id='word_1_22' title='bbox 1543 384 1698 411; x_wconf 87' lang='lat' dir='ltr'>omnes</span> 
     </span>
     <span class='ocr_line' id='line_1_5' title="bbox 205 438 1744 492; baseline -0.001 -10"><span class='ocrx_word' id='word_1_23' title='bbox 205 448 361 482; x_wconf 89' lang='lat' dir='ltr'>tamen</span> <span class='ocrx_word' id='word_1_24' title='bbox 408 440 611 482; x_wconf 90' lang='lat' dir='ltr'>aduorsis</span> <span class='ocrx_word' id='word_1_25' title='bbox 658 440 917 481; x_wconf 85' lang='lat' dir='ltr'>uolneribus</span> <span class='ocrx_word' id='word_1_26' title='bbox 964 438 1267 479; x_wconf 89' lang='lat' dir='ltr'>conciderant.</span> <span class='ocrx_word' id='word_1_27' title='bbox 1349 438 1542 478; x_wconf 75' lang='lat' dir='ltr'>Catilina</span> <span class='ocrx_word' id='word_1_28' title='bbox 1589 454 1696 481; x_wconf 90' lang='lat' dir='ltr'>uero</span> <span class='ocrx_word' id='word_1_29' title='bbox 1718 453 1744 492; x_wconf 83' lang='lat'><strong>4</strong></span> 
     </span>
     <span class='ocr_line' id='line_1_6' title="bbox 205 509 1697 565; baseline -0.002 -12"><span class='ocrx_word' id='word_1_30' title='bbox 205 513 334 565; x_wconf 85' lang='lat' dir='ltr'>longe</span> <span class='ocrx_word' id='word_1_31' title='bbox 371 525 396 551; x_wconf 94' lang='lat' dir='ltr'>a</span> <span class='ocrx_word' id='word_1_32' title='bbox 431 511 522 552; x_wconf 89' lang='lat' dir='ltr'>suis</span> <span class='ocrx_word' id='word_1_33' title='bbox 556 511 674 551; x_wconf 88' lang='lat' dir='ltr'>inter</span> <span class='ocrx_word' id='word_1_34' title='bbox 707 509 909 550; x_wconf 87' lang='lat' dir='ltr'>hostium</span> <span class='ocrx_word' id='word_1_35' title='bbox 943 509 1166 548; x_wconf 88' lang='lat' dir='ltr'>cadauera</span> <span class='ocrx_word' id='word_1_36' title='bbox 1202 512 1406 560; x_wconf 89' lang='lat' dir='ltr'>repertus</span> <span class='ocrx_word' id='word_1_37' title='bbox 1431 514 1510 556; x_wconf 87' lang='lat' dir='ltr'>est,</span> <span class='ocrx_word' id='word_1_38' title='bbox 1538 510 1697 562; x_wconf 90' lang='lat' dir='ltr'>paulu-</span> 
     </span>
     <span class='ocr_line' id='line_1_7' title="bbox 159 577 1696 634; baseline -0.001 -11"><span class='ocrx_word' id='word_1_39' title='bbox 159 592 180 630; x_wconf 84' lang='lat'><em>5</em></span> <span class='ocrx_word' id='word_1_40' title='bbox 203 584 299 624; x_wconf 90' lang='lat' dir='ltr'>lum</span> <span class='ocrx_word' id='word_1_41' title='bbox 343 581 480 623; x_wconf 85' lang='lat' dir='ltr'>etiam</span> <span class='ocrx_word' id='word_1_42' title='bbox 525 580 711 634; x_wconf 79' lang='lat' dir='ltr'>spirans,</span> <span class='ocrx_word' id='word_1_43' title='bbox 747 578 1051 630; x_wconf 79' lang='lat' dir='ltr'>ferociamque</span> <span class='ocrx_word' id='word_1_44' title='bbox 1085 577 1236 625; x_wconf 87' lang='lat' dir='ltr'>animi,</span> <span class='ocrx_word' id='word_1_45' title='bbox 1287 591 1426 630; x_wconf 87' lang='lat' dir='ltr'>quam</span> <span class='ocrx_word' id='word_1_46' title='bbox 1471 579 1696 621; x_wconf 78' lang='lat' dir='ltr'>habuerat</span> 
     </span>
     <span class='ocr_line' id='line_1_8' title="bbox 204 648 1740 703; baseline -0.002 -9"><span class='ocrx_word' id='word_1_47' title='bbox 204 653 346 700; x_wconf 80' lang='lat' dir='ltr'>uiuos,</span> <span class='ocrx_word' id='word_1_48' title='bbox 379 652 427 692; x_wconf 87' lang='lat' dir='ltr'>in</span> <span class='ocrx_word' id='word_1_49' title='bbox 457 652 587 693; x_wconf 89' lang='lat' dir='ltr'>uoltu</span> <span class='ocrx_word' id='word_1_50' title='bbox 617 650 826 691; x_wconf 86' lang='lat' dir='ltr'>retinens.</span> <span class='ocrx_word' id='word_1_51' title='bbox 890 654 1120 702; x_wconf 87' lang='lat' dir='ltr'>postremo</span> <span class='ocrx_word' id='word_1_52' title='bbox 1151 662 1207 688; x_wconf 78' lang='lat' dir='ltr'>ex</span> <span class='ocrx_word' id='word_1_53' title='bbox 1238 648 1360 689; x_wconf 85' lang='lat' dir='ltr'>omni</span> <span class='ocrx_word' id='word_1_54' title='bbox 1392 649 1522 702; x_wconf 90' lang='lat' dir='ltr'>copia</span> <span class='ocrx_word' id='word_1_55' title='bbox 1552 664 1697 703; x_wconf 87' lang='lat' dir='ltr'>neque</span> <span class='ocrx_word' id='word_1_56' title='bbox 1719 662 1740 700; x_wconf 79' lang='lat'><strong>5</strong></span> 
     </span>
     <span class='ocr_line' id='line_1_9' title="bbox 202 718 1696 777; baseline -0.001 -13"><span class='ocrx_word' id='word_1_57' title='bbox 202 723 249 763; x_wconf 88' lang='lat' dir='ltr'>in</span> <span class='ocrx_word' id='word_1_58' title='bbox 281 722 450 777; x_wconf 88' lang='lat' dir='ltr'>proelio</span> <span class='ocrx_word' id='word_1_59' title='bbox 483 735 628 774; x_wconf 86' lang='lat' dir='ltr'>neque</span> <span class='ocrx_word' id='word_1_60' title='bbox 661 720 708 760; x_wconf 86' lang='lat' dir='ltr'>in</span> <span class='ocrx_word' id='word_1_61' title='bbox 739 719 848 772; x_wconf 77' lang='lat' dir='ltr'>fuga</span> <span class='ocrx_word' id='word_1_62' title='bbox 881 719 1123 772; x_wconf 86' lang='lat' dir='ltr'>quisquam</span> <span class='ocrx_word' id='word_1_63' title='bbox 1148 718 1259 760; x_wconf 87' lang='lat' dir='ltr'>ciuis</span> <span class='ocrx_word' id='word_1_64' title='bbox 1279 718 1501 771; x_wconf 81' lang='lat' dir='ltr'>ingenuus</span> <span class='ocrx_word' id='word_1_65' title='bbox 1533 726 1696 774; x_wconf 87' lang='lat' dir='ltr'>captus</span> 
     </span>
     <span class='ocr_line' id='line_1_10' title="bbox 202 789 1745 843; baseline -0.001 -9"><span class='ocrx_word' id='word_1_66' title='bbox 202 799 283 834; x_wconf 86' lang='lat' dir='ltr'>est:</span> <span class='ocrx_word' id='word_1_67' title='bbox 340 793 407 833; x_wconf 85' lang='lat' dir='ltr'>ita</span> <span class='ocrx_word' id='word_1_68' title='bbox 444 791 595 834; x_wconf 89' lang='lat' dir='ltr'>cuncti</span> <span class='ocrx_word' id='word_1_69' title='bbox 622 803 729 831; x_wconf 88' lang='lat' dir='ltr'>suae</span> <span class='ocrx_word' id='word_1_70' title='bbox 754 789 1047 842; x_wconf 88' lang='lat' dir='ltr'>hostiumque</span> <span class='ocrx_word' id='word_1_71' title='bbox 1073 789 1196 830; x_wconf 91' lang='lat' dir='ltr'>uitae</span> <span class='ocrx_word' id='word_1_72' title='bbox 1221 789 1353 829; x_wconf 78' lang='lat' dir='ltr'>iuxta</span> <span class='ocrx_word' id='word_1_73' title='bbox 1378 799 1693 843; x_wconf 81' lang='lat' dir='ltr'>pepercerant.</span> <span class='ocrx_word' id='word_1_74' title='bbox 1719 792 1745 833; x_wconf 85' lang='lat'>6</span> 
     </span>
     <span class='ocr_line' id='line_1_11' title="bbox 201 859 1745 916; baseline -0.002 -11"><span class='ocrx_word' id='word_1_75' title='bbox 201 877 347 916; x_wconf 86' lang='lat' dir='ltr'>neque</span> <span class='ocrx_word' id='word_1_76' title='bbox 379 868 534 903; x_wconf 87' lang='lat' dir='ltr'>tamen</span> <span class='ocrx_word' id='word_1_77' title='bbox 565 861 789 902; x_wconf 80' lang='lat' dir='ltr'>exercitus</span> <span class='ocrx_word' id='word_1_78' title='bbox 820 860 975 914; x_wconf 85' lang='lat' dir='ltr'>populi</span> <span class='ocrx_word' id='word_1_79' title='bbox 1010 859 1205 901; x_wconf 87' lang='lat' dir='ltr'>Romani</span> <span class='ocrx_word' id='word_1_80' title='bbox 1237 860 1406 900; x_wconf 84' lang='lat' dir='ltr'>laetam</span> <span class='ocrx_word' id='word_1_81' title='bbox 1439 866 1520 901; x_wconf 88' lang='lat' dir='ltr'>aut</span> <span class='ocrx_word' id='word_1_82' title='bbox 1549 861 1696 902; x_wconf 89' lang='lat' dir='ltr'>incru-</span> <span class='ocrx_word' id='word_1_83' title='bbox 1720 874 1745 915; x_wconf 92' lang='lat'><strong><em>7</em></strong></span> 
     </span>
     <span class='ocr_line' id='line_1_12' title="bbox 131 930 1695 985; baseline 0.001 -13"><span class='ocrx_word' id='word_1_84' title='bbox 131 942 182 972; x_wconf 88' lang='lat'>10</span> <span class='ocrx_word' id='word_1_85' title='bbox 204 939 360 975; x_wconf 85' lang='lat' dir='ltr'>entam</span> <span class='ocrx_word' id='word_1_86' title='bbox 389 932 629 973; x_wconf 88' lang='lat' dir='ltr'>uictoriam</span> <span class='ocrx_word' id='word_1_87' title='bbox 660 931 854 984; x_wconf 88' lang='lat' dir='ltr'>adeptus</span> <span class='ocrx_word' id='word_1_88' title='bbox 883 936 993 972; x_wconf 85' lang='lat' dir='ltr'>erat.</span> <span class='ocrx_word' id='word_1_89' title='bbox 1056 944 1163 970; x_wconf 89' lang='lat' dir='ltr'>nam</span> <span class='ocrx_word' id='word_1_90' title='bbox 1193 930 1546 972; x_wconf 81' lang='lat' dir='ltr'>strenuissumus</span> <span class='ocrx_word' id='word_1_91' title='bbox 1577 933 1695 985; x_wconf 87' lang='lat' dir='ltr'>quis-</span> 
     </span>
     <span class='ocr_line' id='line_1_13' title="bbox 201 1000 1695 1057; baseline 0 -13"><span class='ocrx_word' id='word_1_92' title='bbox 201 1018 287 1057; x_wconf 90' lang='lat' dir='ltr'>que</span> <span class='ocrx_word' id='word_1_93' title='bbox 318 1009 399 1044; x_wconf 89' lang='lat' dir='ltr'>aut</span> <span class='ocrx_word' id='word_1_94' title='bbox 429 1002 656 1044; x_wconf 87' lang='lat' dir='ltr'>occiderat</span> <span class='ocrx_word' id='word_1_95' title='bbox 685 1002 731 1041; x_wconf 88' lang='lat' dir='ltr'>in</span> <span class='ocrx_word' id='word_1_96' title='bbox 761 1001 944 1056; x_wconf 84' lang='lat' dir='ltr'>proelio,</span> <span class='ocrx_word' id='word_1_97' title='bbox 978 1007 1059 1042; x_wconf 86' lang='lat' dir='ltr'>aut</span> <span class='ocrx_word' id='word_1_98' title='bbox 1088 1000 1286 1053; x_wconf 84' lang='lat' dir='ltr'>grauiter</span> <span class='ocrx_word' id='word_1_99' title='bbox 1316 1001 1578 1042; x_wconf 88' lang='lat' dir='ltr'>uolneratus</span> <span class='ocrx_word' id='word_1_100' title='bbox 1608 1003 1695 1044; x_wconf 83' lang='lat' dir='ltr'>dis-</span> 
     </span>
     <span class='ocr_line' id='line_1_14' title="bbox 199 1071 1740 1125; baseline 0 -10"><span class='ocrx_word' id='word_1_101' title='bbox 199 1080 406 1115; x_wconf 86' lang='lat' dir='ltr'>cesserat.</span> <span class='ocrx_word' id='word_1_102' title='bbox 466 1073 598 1114; x_wconf 88' lang='lat' dir='ltr'>multi</span> <span class='ocrx_word' id='word_1_103' title='bbox 626 1078 794 1120; x_wconf 87' lang='lat' dir='ltr'>autem,</span> <span class='ocrx_word' id='word_1_104' title='bbox 825 1072 901 1125; x_wconf 88' lang='lat' dir='ltr'>qui</span> <span class='ocrx_word' id='word_1_105' title='bbox 927 1086 950 1112; x_wconf 89' lang='lat' dir='ltr'>e</span> <span class='ocrx_word' id='word_1_106' title='bbox 977 1071 1136 1112; x_wconf 88' lang='lat' dir='ltr'>castris</span> <span class='ocrx_word' id='word_1_107' title='bbox 1162 1071 1336 1112; x_wconf 86' lang='lat' dir='ltr'>uisendi</span> <span class='ocrx_word' id='word_1_108' title='bbox 1365 1076 1445 1111; x_wconf 89' lang='lat' dir='ltr'>aut</span> <span class='ocrx_word' id='word_1_109' title='bbox 1471 1073 1693 1125; x_wconf 88' lang='lat' dir='ltr'>spoliandi</span> <span class='ocrx_word' id='word_1_110' title='bbox 1715 1074 1740 1115; x_wconf 85' lang='lat'>8</span> 
     </span>
    </p>
   </div>
   <div class='ocr_carea' id='block_1_4' title="bbox 189 1181 1694 2051">
    <p class='ocr_par' dir='ltr' id='par_1_4' title="bbox 195 1181 1694 1706">
     <span class='ocr_line' id='line_1_15' title="bbox 200 1181 1694 1235; baseline -0.001 -11"><span class='ocrx_word' id='word_1_111' title='bbox 200 1203 270 1235; x_wconf 86' lang='lat' dir='ltr'>que</span> <span class='ocrx_word' id='word_1_112' title='bbox 298 1181 419 1224; x_wconf 67' lang='lat' dir='ltr'>locufn</span> <span class='ocrx_word' id='word_1_113' title='bbox 448 1192 555 1223; x_wconf 88' lang='lat' dir='ltr'>uiuus</span> <span class='ocrx_word' id='word_1_114' title='bbox 583 1190 782 1232; x_wconf 82' lang='lat' dir='ltr'>pugnando</span> <span class='ocrx_word' id='word_1_115' title='bbox 811 1194 967 1232; x_wconf 81' lang='lat' dir='ltr'>ceperat,</span> <span class='ocrx_word' id='word_1_116' title='bbox 998 1201 1081 1220; x_wconf 81' lang='lat' dir='ltr'>euni</span> <span class='ocrx_word' id='word_1_117' title='bbox 1110 1190 1242 1220; x_wconf 84' lang='lat' dir='ltr'>amissa</span> <span class='ocrx_word' id='word_1_118' title='bbox 1272 1190 1393 1220; x_wconf 85' lang='lat' dir='ltr'>anima</span> <span class='ocrx_word' id='word_1_119' title='bbox 1421 1201 1570 1232; x_wconf 88' lang='lat' dir='ltr'>corpore</span> <span class='ocrx_word' id='word_1_120' title='bbox 1598 1195 1694 1232; x_wconf 84' lang='lat' dir='ltr'>tege-</span> 
     </span>
     <span class='ocr_line' id='line_1_16' title="bbox 200 1249 1694 1292; baseline -0.001 -9"><span class='ocrx_word' id='word_1_121' title='bbox 200 1253 275 1283; x_wconf 85' lang='lat' dir='ltr'>bat.</span> <span class='ocrx_word' id='word_1_122' title='bbox 299 1270 346 1275; x_wconf 89' lang='lat'>—</span> <span class='ocrx_word' id='word_1_123' title='bbox 370 1252 414 1290; x_wconf 79' lang='lat' dir='ltr'>CJ‘</span> <span class='ocrx_word' id='word_1_124' title='bbox 436 1252 564 1282; x_wconf 70' lang='lat' dir='ltr'>Florus</span> <span class='ocrx_word' id='word_1_125' title='bbox 589 1251 632 1281; x_wconf 90' lang='lat' dir='ltr'>II</span> <span class='ocrx_word' id='word_1_126' title='bbox 657 1259 746 1292; x_wconf 66' lang='grc'>12.12</span> <span class='ocrx_word' id='word_1_127' title='bbox 771 1260 877 1280; x_wconf 89' lang='lat' dir='ltr'>nemo</span> <span class='ocrx_word' id='word_1_128' title='bbox 900 1249 1062 1280; x_wconf 87' lang='lat' dir='ltr'>hostium</span> <span class='ocrx_word' id='word_1_129' title='bbox 1086 1249 1179 1279; x_wconf 86' lang='lat' dir='ltr'>bello</span> <span class='ocrx_word' id='word_1_130' title='bbox 1203 1249 1393 1290; x_wconf 82' lang='lat' dir='ltr'>superfuit;</span> <span class='ocrx_word' id='word_1_131' title='bbox 1421 1259 1530 1290; x_wconf 88' lang='lat' dir='ltr'>quern</span> <span class='ocrx_word' id='word_1_132' title='bbox 1554 1250 1634 1291; x_wconf 88' lang='lat' dir='ltr'>quis</span> <span class='ocrx_word' id='word_1_133' title='bbox 1657 1251 1694 1281; x_wconf 86' lang='lat' dir='ltr'>in</span> 
     </span>
     <span class='ocr_line' id='line_1_17' title="bbox 199 1308 1693 1353; baseline -0.001 -12"><span class='ocrx_word' id='word_1_134' title='bbox 199 1311 396 1353; x_wconf 86' lang='lat' dir='ltr'>pugnando</span> <span class='ocrx_word' id='word_1_135' title='bbox 421 1313 567 1351; x_wconf 88' lang='lat' dir='ltr'>ceperat</span> <span class='ocrx_word' id='word_1_136' title='bbox 590 1310 721 1347; x_wconf 82' lang='lat' dir='ltr'>locum,</span> <span class='ocrx_word' id='word_1_137' title='bbox 748 1318 831 1339; x_wconf 86' lang='lat' dir='ltr'>eum</span> <span class='ocrx_word' id='word_1_138' title='bbox 854 1309 986 1339; x_wconf 86' lang='lat' dir='ltr'>amissa</span> <span class='ocrx_word' id='word_1_139' title='bbox 1010 1308 1132 1339; x_wconf 89' lang='lat' dir='ltr'>anima</span> <span class='ocrx_word' id='word_1_140' title='bbox 1156 1318 1303 1349; x_wconf 83' lang='lat' dir='ltr'>corpore</span> <span class='ocrx_word' id='word_1_141' title='bbox 1328 1309 1485 1348; x_wconf 83' lang='lat' dir='ltr'>tegebat.</span> <span class='ocrx_word' id='word_1_142' title='bbox 1535 1309 1693 1340; x_wconf 83' lang='lat' dir='ltr'>Catilina</span> 
     </span>
     <span class='ocr_line' id='line_1_18' title="bbox 198 1367 1694 1411; baseline -0.001 -10"><span class='ocrx_word' id='word_1_143' title='bbox 198 1370 302 1410; x_wconf 88' lang='lat' dir='ltr'>longe</span> <span class='ocrx_word' id='word_1_144' title='bbox 329 1380 349 1400; x_wconf 87' lang='lat' dir='ltr'>a</span> <span class='ocrx_word' id='word_1_145' title='bbox 375 1369 449 1400; x_wconf 83' lang='lat' dir='ltr'>suis</span> <span class='ocrx_word' id='word_1_146' title='bbox 475 1369 569 1399; x_wconf 85' lang='lat' dir='ltr'>inter</span> <span class='ocrx_word' id='word_1_147' title='bbox 595 1368 758 1399; x_wconf 86' lang='lat' dir='ltr'>hostium</span> <span class='ocrx_word' id='word_1_148' title='bbox 785 1367 964 1398; x_wconf 88' lang='lat' dir='ltr'>cadauera</span> <span class='ocrx_word' id='word_1_149' title='bbox 990 1370 1155 1408; x_wconf 83' lang='lat' dir='ltr'>repertus</span> <span class='ocrx_word' id='word_1_150' title='bbox 1182 1372 1248 1398; x_wconf 85' lang='lat' dir='ltr'>est.</span> <span class='ocrx_word' id='word_1_151' title='bbox 1275 1385 1322 1389; x_wconf 96' lang='lat'>—</span> <span class='ocrx_word' id='word_1_152' title='bbox 1371 1368 1502 1399; x_wconf 84' lang='lat' dir='ltr'>Iustin.</span> <span class='ocrx_word' id='word_1_153' title='bbox 1532 1368 1591 1398; x_wconf 82' lang='lat' dir='ltr'>IX</span> <span class='ocrx_word' id='word_1_154' title='bbox 1619 1378 1694 1411; x_wconf 55' lang='lat'>310</span> 
     </span>
     <span class='ocr_line' id='line_1_19' title="bbox 197 1426 1693 1468; baseline -0.001 -8"><span class='ocrx_word' id='word_1_155' title='bbox 197 1439 270 1460; x_wconf 87' lang='lat' dir='ltr'>non</span> <span class='ocrx_word' id='word_1_156' title='bbox 316 1432 440 1459; x_wconf 84' lang='lat' dir='ltr'>tamen</span> <span class='ocrx_word' id='word_1_157' title='bbox 488 1428 718 1458; x_wconf 87' lang='lat' dir='ltr'>immemores</span> <span class='ocrx_word' id='word_1_158' title='bbox 767 1426 941 1467; x_wconf 84' lang='lat' dir='ltr'>pristinae</span> <span class='ocrx_word' id='word_1_159' title='bbox 978 1427 1111 1467; x_wconf 83' lang='lat' dir='ltr'>gloriae</span> <span class='ocrx_word' id='word_1_160' title='bbox 1149 1426 1318 1463; x_wconf 75' lang='lat' dir='ltr'>cecidere,</span> <span class='ocrx_word' id='word_1_161' title='bbox 1358 1427 1493 1468; x_wconf 90' lang='lat' dir='ltr'>quippe</span> <span class='ocrx_word' id='word_1_162' title='bbox 1531 1428 1693 1458; x_wconf 84' lang='lat' dir='ltr'>aduersis</span> 
     </span>
     <span class='ocr_line' id='line_1_20' title="bbox 195 1485 1691 1527; baseline -0.001 -8"><span class='ocrx_word' id='word_1_163' title='bbox 195 1488 408 1519; x_wconf 86' lang='lat' dir='ltr'>uulneribus</span> <span class='ocrx_word' id='word_1_164' title='bbox 438 1497 563 1517; x_wconf 88' lang='lat' dir='ltr'>omnes</span> <span class='ocrx_word' id='word_1_165' title='bbox 591 1487 681 1524; x_wconf 82' lang='lat' dir='ltr'>loca,</span> <span class='ocrx_word' id='word_1_166' title='bbox 713 1495 806 1526; x_wconf 87' lang='lat' dir='ltr'>quae</span> <span class='ocrx_word' id='word_1_167' title='bbox 836 1485 972 1516; x_wconf 79' lang='lat' dir='ltr'>tuenda</span> <span class='ocrx_word' id='word_1_168' title='bbox 1002 1495 1022 1515; x_wconf 88' lang='lat' dir='ltr'>a</span> <span class='ocrx_word' id='word_1_169' title='bbox 1051 1485 1205 1516; x_wconf 85' lang='lat' dir='ltr'>ducibus</span> <span class='ocrx_word' id='word_1_170' title='bbox 1235 1490 1462 1527; x_wconf 82' lang='lat' dir='ltr'>acceperant,</span> <span class='ocrx_word' id='word_1_171' title='bbox 1494 1487 1691 1517; x_wconf 86' lang='lat' dir='ltr'>morientes</span> 
     </span>
     <span class='ocr_line' id='line_1_21' title="bbox 196 1544 1692 1588; baseline -0.001 -11"><span class='ocrx_word' id='word_1_172' title='bbox 196 1547 407 1588; x_wconf 82' lang='lat' dir='ltr'>corporibus</span> <span class='ocrx_word' id='word_1_173' title='bbox 429 1549 611 1576; x_wconf 82' lang='lat' dir='ltr'>texerunt.</span> <span class='ocrx_word' id='word_1_174' title='bbox 634 1564 681 1567; x_wconf 89' lang='lat'>—</span> <span class='ocrx_word' id='word_1_175' title='bbox 718 1546 891 1586; x_wconf 62' lang='lat' dir='ltr'>Panegyr.</span> <span class='ocrx_word' id='word_1_176' title='bbox 916 1545 974 1575; x_wconf 71' lang='lat' dir='ltr'>IX</span> <span class='ocrx_word' id='word_1_177' title='bbox 998 1554 1040 1584; x_wconf 86' lang='lat'>17</span> <span class='ocrx_word' id='word_1_178' title='bbox 1063 1544 1224 1585; x_wconf 84' lang='lat' dir='ltr'>exceptis</span> <span class='ocrx_word' id='word_1_179' title='bbox 1246 1544 1427 1575; x_wconf 87' lang='lat' dir='ltr'>latrocinii</span> <span class='ocrx_word' id='word_1_180' title='bbox 1449 1545 1544 1575; x_wconf 83' lang='lat' dir='ltr'>illius</span> <span class='ocrx_word' id='word_1_181' title='bbox 1566 1545 1692 1586; x_wconf 83' lang='lat' dir='ltr'>primis</span> 
     </span>
     <span class='ocr_line' id='line_1_22' title="bbox 196 1604 1690 1646; baseline -0.001 -9"><span class='ocrx_word' id='word_1_182' title='bbox 196 1605 417 1644; x_wconf 80' lang='lat' dir='ltr'>auctoribus,</span> <span class='ocrx_word' id='word_1_183' title='bbox 441 1605 505 1646; x_wconf 87' lang='lat' dir='ltr'>qui</span> <span class='ocrx_word' id='word_1_184' title='bbox 526 1604 719 1645; x_wconf 87' lang='lat' dir='ltr'>desperata</span> <span class='ocrx_word' id='word_1_185' title='bbox 740 1604 849 1634; x_wconf 87' lang='lat' dir='ltr'>uenia</span> <span class='ocrx_word' id='word_1_186' title='bbox 870 1604 991 1634; x_wconf 89' lang='lat' dir='ltr'>locum</span> <span class='ocrx_word' id='word_1_187' title='bbox 1013 1614 1123 1644; x_wconf 85' lang='lat' dir='ltr'>quem</span> <span class='ocrx_word' id='word_1_188' title='bbox 1144 1613 1287 1645; x_wconf 84' lang='lat' dir='ltr'>pugnae</span> <span class='ocrx_word' id='word_1_189' title='bbox 1310 1608 1544 1644; x_wconf 84' lang='lat' dir='ltr'>sumpserant</span> <span class='ocrx_word' id='word_1_190' title='bbox 1567 1608 1690 1635; x_wconf 78' lang='lat' dir='ltr'>texere</span> 
     </span>
     <span class='ocr_line' id='line_1_23' title="bbox 195 1664 417 1706; baseline 0 -11"><span class='ocrx_word' id='word_1_191' title='bbox 195 1664 417 1706; x_wconf 84' lang='lat' dir='ltr'>corporibus.</span> 
     </span>
    </p>

    <p class='ocr_par' dir='ltr' id='par_1_5' title="bbox 190 1722 1690 1940">
     <span class='ocr_line' id='line_1_24' title="bbox 287 1722 1690 1763; baseline -0.001 -8"><span class='ocrx_word' id='word_1_192' title='bbox 287 1733 318 1755; x_wconf 89' lang='lat'>2.</span> <span class='ocrx_word' id='word_1_193' title='bbox 367 1724 504 1755; x_wconf 69' lang='lat' dir='ltr'>Charis.</span> <span class='ocrx_word' id='word_1_194' title='bbox 540 1723 560 1753; x_wconf 87' lang='lat' dir='ltr'><em>I</em></span> <span class='ocrx_word' id='word_1_195' title='bbox 591 1726 614 1763; x_wconf 73' lang='lat' dir='ltr'>p</span> <span class='ocrx_word' id='word_1_196' title='bbox 646 1731 712 1761; x_wconf 83' lang='lat'>159</span> <span class='ocrx_word' id='word_1_197' title='bbox 734 1722 780 1752; x_wconf 75' lang='lat' dir='ltr'>K.</span> <span class='ocrx_word' id='word_1_198' title='bbox 812 1736 844 1747; x_wconf 71' lang='grc' dir='ltr'>Ξ</span> <span class='ocrx_word' id='word_1_199' title='bbox 870 1722 1030 1753; x_wconf 78' lang='lat' dir='ltr'>Diomed.</span> <span class='ocrx_word' id='word_1_200' title='bbox 1056 1723 1075 1753; x_wconf 95' lang='lat' dir='ltr'><em>I</em></span> <span class='ocrx_word' id='word_1_201' title='bbox 1097 1727 1120 1763; x_wconf 72' lang='lat' dir='ltr'>p</span> <span class='ocrx_word' id='word_1_202' title='bbox 1143 1731 1210 1761; x_wconf 77' lang='grc'>333</span> <span class='ocrx_word' id='word_1_203' title='bbox 1232 1722 1278 1753; x_wconf 78' lang='grc' dir='ltr'>Κ,</span> <span class='ocrx_word' id='word_1_204' title='bbox 1303 1723 1404 1752; x_wconf 77' lang='lat' dir='ltr'>cuius</span> <span class='ocrx_word' id='word_1_205' title='bbox 1427 1723 1690 1753; x_wconf 70' lang='lat' dir='ltr'>uomz&#39;natz‘zmm</span> 
     </span>
     <span class='ocr_line' id='line_1_25' title="bbox 192 1780 1690 1817; baseline -0.001 -3"><span class='ocrx_word' id='word_1_206' title='bbox 192 1786 320 1814; x_wconf 79' lang='lat' dir='ltr'>ueteres</span> <span class='ocrx_word' id='word_1_207' title='bbox 361 1792 431 1813; x_wconf 83' lang='lat' dir='ltr'>non</span> <span class='ocrx_word' id='word_1_208' title='bbox 471 1785 606 1813; x_wconf 80' lang='lat' dir='ltr'>tantum</span> <span class='ocrx_word' id='word_1_209' title='bbox 637 1780 753 1812; x_wconf 78' lang='lat' dir='ltr'>&#39;alius&#39;</span> <span class='ocrx_word' id='word_1_210' title='bbox 783 1782 944 1812; x_wconf 69' lang='lat' dir='ltr'>dixerunt</span> <span class='ocrx_word' id='word_1_211' title='bbox 972 1782 1030 1812; x_wconf 76' lang='lat' dir='ltr'>sect</span> <span class='ocrx_word' id='word_1_212' title='bbox 1056 1783 1161 1812; x_wconf 78' lang='lat' dir='ltr'>etiam</span> <span class='ocrx_word' id='word_1_213' title='bbox 1194 1781 1295 1817; x_wconf 70' lang='lat' dir='ltr'>&#39;alis&#39;,</span> <span class='ocrx_word' id='word_1_214' title='bbox 1325 1780 1423 1811; x_wconf 74' lang='lat' dir='ltr'>sz&#39;cztt&#39;</span> <span class='ocrx_word' id='word_1_215' title='bbox 1441 1785 1470 1811; x_wconf 79' lang='lat' dir='ltr'>et</span> <span class='ocrx_word' id='word_1_216' title='bbox 1498 1782 1690 1812; x_wconf 74' lang='lat' dir='ltr'>Sallustius</span> 
     </span>
     <span class='ocr_line' id='line_1_26' title="bbox 195 1839 1690 1882; baseline -0.001 -9"><span class='ocrx_word' id='word_1_217' title='bbox 195 1841 284 1882; x_wconf 71' lang='grc' dir='ltr'>(ἀίί1</span> <span class='ocrx_word' id='word_1_218' title='bbox 310 1842 388 1872; x_wconf 79' lang='lat' dir='ltr'>add.</span> <span class='ocrx_word' id='word_1_219' title='bbox 416 1841 613 1879; x_wconf 79' lang='lat' dir='ltr'>Diomed.).·</span> <span class='ocrx_word' id='word_1_220' title='bbox 639 1840 703 1870; x_wconf 89' lang='lat' dir='ltr'>alis</span> <span class='ocrx_word' id='word_1_221' title='bbox 729 1839 814 1870; x_wconf 86' lang='lat' dir='ltr'>alibi</span> <span class='ocrx_word' id='word_1_222' title='bbox 838 1843 979 1870; x_wconf 86' lang='lat' dir='ltr'>stantes</span> <span class='ocrx_word' id='word_1_223' title='bbox 1004 1840 1222 1877; x_wconf 83' lang='lat' dir='ltr'>ceciderunt,</span> <span class='ocrx_word' id='word_1_224' title='bbox 1250 1850 1374 1870; x_wconf 87' lang='lat' dir='ltr'>omnes</span> <span class='ocrx_word' id='word_1_225' title='bbox 1388 1844 1511 1870; x_wconf 85' lang='lat' dir='ltr'>tamen</span> <span class='ocrx_word' id='word_1_226' title='bbox 1530 1839 1690 1871; x_wconf 85' lang='lat' dir='ltr'>aduersis</span> 
     </span>
     <span class='ocr_line' id='line_1_27' title="bbox 190 1893 1687 1940; baseline -0.001 -9"><span class='ocrx_word' id='word_1_227' title='bbox 190 1900 403 1931; x_wconf 87' lang='lat' dir='ltr'>uulneribus</span> <span class='ocrx_word' id='word_1_228' title='bbox 435 1899 682 1930; x_wconf 81' lang='lat' dir='ltr'>conciderunt.</span> <span class='ocrx_word' id='word_1_229' title='bbox 733 1893 809 1940; x_wconf 81' lang='lat' dir='ltr'>[sed</span> <span class='ocrx_word' id='word_1_230' title='bbox 829 1900 1018 1940; x_wconf 73' lang='lat' dir='ltr'>quaeritur,</span> <span class='ocrx_word' id='word_1_231' title='bbox 1043 1909 1126 1930; x_wconf 80' lang='lat' dir='ltr'>num</span> <span class='ocrx_word' id='word_1_232' title='bbox 1149 1900 1230 1930; x_wconf 76' lang='lat' dir='ltr'>haec</span> <span class='ocrx_word' id='word_1_233' title='bbox 1252 1899 1357 1930; x_wconf 76' lang='lat' dir='ltr'>uerba</span> <span class='ocrx_word' id='word_1_234' title='bbox 1379 1899 1443 1929; x_wconf 77' lang='lat' dir='ltr'>linc</span> <span class='ocrx_word' id='word_1_235' title='bbox 1465 1899 1687 1940; x_wconf 66' lang='lat' dir='ltr'>pertineant}</span> 
     </span>
    </p>

    <p class='ocr_par' dir='ltr' id='par_1_6' title="bbox 189 1957 1689 2051">
     <span class='ocr_line' id='line_1_28' title="bbox 285 1957 1689 1999; baseline -0.001 -9"><span class='ocrx_word' id='word_1_236' title='bbox 285 1969 316 1998; x_wconf 88' lang='lat'>3.</span> <span class='ocrx_word' id='word_1_237' title='bbox 357 1959 455 1990; x_wconf 80' lang='lat' dir='ltr'>Seru.</span> <span class='ocrx_word' id='word_1_238' title='bbox 495 1959 540 1990; x_wconf 86' lang='lat' dir='ltr'>ad</span> <span class='ocrx_word' id='word_1_239' title='bbox 566 1959 655 1989; x_wconf 77' lang='lat' dir='ltr'>Aen.</span> <span class='ocrx_word' id='word_1_240' title='bbox 686 1958 706 1988; x_wconf 90' lang='lat' dir='ltr'><em>I</em></span> <span class='ocrx_word' id='word_1_241' title='bbox 735 1958 801 1997; x_wconf 71' lang='lat'>488</span> <span class='ocrx_word' id='word_1_242' title='bbox 832 1957 875 1988; x_wconf 83' lang='lat' dir='ltr'>&#39;se</span> <span class='ocrx_word' id='word_1_243' title='bbox 903 1968 1034 1998; x_wconf 78' lang='lat' dir='ltr'>qnoque</span> <span class='ocrx_word' id='word_1_244' title='bbox 1063 1958 1287 1999; x_wconf 69' lang='lat' dir='ltr'>principibus</span> <span class='ocrx_word' id='word_1_245' title='bbox 1309 1959 1520 1998; x_wconf 66' lang='lat' dir='ltr'>permixtum</span> <span class='ocrx_word' id='word_1_246' title='bbox 1546 1959 1689 1998; x_wconf 72' lang='lat' dir='ltr'>agnouit</span> 
     </span>
     <span class='ocr_line' id='line_1_29' title="bbox 189 2017 1688 2051; baseline -0.001 -2"><span class='ocrx_word' id='word_1_247' title='bbox 189 2018 354 2049; x_wconf 75' lang='lat' dir='ltr'>Achz&#39;uis&#39;</span> <span class='ocrx_word' id='word_1_248' title='bbox 397 2021 458 2049; x_wconf 81' lang='lat' dir='ltr'>aut</span> <span class='ocrx_word' id='word_1_249' title='bbox 498 2037 546 2040; x_wconf 83' lang='lat'><em>-</em></span> <span class='ocrx_word' id='word_1_250' title='bbox 572 2036 619 2040; x_wconf 89' lang='lat'>——</span> <span class='ocrx_word' id='word_1_251' title='bbox 646 2036 692 2039; x_wconf 97' lang='lat'><strong>—</strong></span> <span class='ocrx_word' id='word_1_252' title='bbox 721 2020 782 2047; x_wconf 80' lang='lat' dir='ltr'>aut</span> <span class='ocrx_word' id='word_1_253' title='bbox 812 2018 975 2048; x_wconf 59' lang='lat' dir='ltr'>uirtutem</span> <span class='ocrx_word' id='word_1_254' title='bbox 1005 2018 1080 2047; x_wconf 74' lang='lat' dir='ltr'>eius</span> <span class='ocrx_word' id='word_1_255' title='bbox 1112 2018 1187 2048; x_wconf 75' lang='lat' dir='ltr'>uult</span> <span class='ocrx_word' id='word_1_256' title='bbox 1217 2017 1400 2051; x_wconf 73' lang='lat' dir='ltr'>ostendere.</span> <span class='ocrx_word' id='word_1_257' title='bbox 1431 2018 1565 2048; x_wconf 74' lang='lat' dir='ltr'>nimiae</span> <span class='ocrx_word' id='word_1_258' title='bbox 1595 2018 1688 2047; x_wconf 82' lang='lat' dir='ltr'>enim</span> 
     </span>
    </p>
   </div>
   <div class='ocr_carea' id='block_1_5' title="bbox 188 2075 1689 2116">
    <p class='ocr_par' dir='ltr' id='par_1_7' title="bbox 188 2075 1689 2116">
     <span class='ocr_line' id='line_1_30' title="bbox 188 2075 1689 2116; baseline -0.001 -8"><span class='ocrx_word' id='word_1_259' title='bbox 188 2078 409 2116; x_wconf 76' lang='lat' dir='ltr'>fortitudinis</span> <span class='ocrx_word' id='word_1_260' title='bbox 434 2080 482 2107; x_wconf 78' lang='lat' dir='ltr'>est</span> <span class='ocrx_word' id='word_1_261' title='bbox 507 2078 596 2107; x_wconf 80' lang='lat' dir='ltr'>inter</span> <span class='ocrx_word' id='word_1_262' title='bbox 619 2077 770 2107; x_wconf 83' lang='lat' dir='ltr'>hostium</span> <span class='ocrx_word' id='word_1_263' title='bbox 795 2077 860 2106; x_wconf 76' lang='lat' dir='ltr'>tela</span> <span class='ocrx_word' id='word_1_264' title='bbox 886 2077 1033 2112; x_wconf 75' lang='lat' dir='ltr'>uersari,</span> <span class='ocrx_word' id='word_1_265' title='bbox 1061 2080 1097 2106; x_wconf 79' lang='lat' dir='ltr'>ut</span> <span class='ocrx_word' id='word_1_266' title='bbox 1122 2077 1333 2107; x_wconf 74' lang='lat' dir='ltr'>Sallustius:</span> <span class='ocrx_word' id='word_1_267' title='bbox 1359 2075 1515 2106; x_wconf 82' lang='lat' dir='ltr'>Catilina</span> <span class='ocrx_word' id='word_1_268' title='bbox 1540 2076 1644 2116; x_wconf 81' lang='lat' dir='ltr'>longe</span> <span class='ocrx_word' id='word_1_269' title='bbox 1670 2087 1689 2107; x_wconf 87' lang='lat' dir='ltr'>a</span> 
     </span>
    </p>
   </div>
   <div class='ocr_carea' id='block_1_6' title="bbox 189 2135 1686 2293">
    <p class='ocr_par' dir='ltr' id='par_1_8' title="bbox 189 2135 1686 2293">
     <span class='ocr_line' id='line_1_31' title="bbox 189 2135 1379 2176; baseline -0.002 -9"><span class='ocrx_word' id='word_1_270' title='bbox 189 2136 263 2167; x_wconf 85' lang='lat' dir='ltr'>suis</span> <span class='ocrx_word' id='word_1_271' title='bbox 277 2136 371 2167; x_wconf 84' lang='lat' dir='ltr'>inter</span> <span class='ocrx_word' id='word_1_272' title='bbox 384 2135 532 2166; x_wconf 82' lang='lat' dir='ltr'>hostilia</span> <span class='ocrx_word' id='word_1_273' title='bbox 546 2135 726 2165; x_wconf 86' lang='lat' dir='ltr'>cadauera</span> <span class='ocrx_word' id='word_1_274' title='bbox 740 2138 904 2176; x_wconf 82' lang='lat' dir='ltr'>repertus</span> <span class='ocrx_word' id='word_1_275' title='bbox 918 2139 983 2165; x_wconf 89' lang='lat' dir='ltr'>est.</span> <span class='ocrx_word' id='word_1_276' title='bbox 999 2153 1046 2157; x_wconf 85' lang='lat'>-—-</span> <span class='ocrx_word' id='word_1_277' title='bbox 1060 2136 1104 2173; x_wconf 74' lang='lat' dir='ltr'>Cf</span> <span class='ocrx_word' id='word_1_278' title='bbox 1118 2135 1244 2166; x_wconf 75' lang='lat' dir='ltr'>Florus</span> <span class='ocrx_word' id='word_1_279' title='bbox 1260 2139 1379 2176; x_wconf 72' lang='lat' dir='ltr'>supra.</span> 
     </span>
     <span class='ocr_line' id='line_1_32' title="bbox 283 2194 1686 2234; baseline -0.001 -8"><span class='ocrx_word' id='word_1_280' title='bbox 283 2204 314 2234; x_wconf 84' lang='lat'>5.</span> <span class='ocrx_word' id='word_1_281' title='bbox 366 2196 461 2226; x_wconf 80' lang='lat' dir='ltr'>Lact.</span> <span class='ocrx_word' id='word_1_282' title='bbox 502 2195 598 2225; x_wconf 77' lang='lat' dir='ltr'>Plac.</span> <span class='ocrx_word' id='word_1_283' title='bbox 638 2194 683 2225; x_wconf 78' lang='lat' dir='ltr'>ad</span> <span class='ocrx_word' id='word_1_284' title='bbox 711 2194 812 2224; x_wconf 73' lang='lat' dir='ltr'>Theb.</span> <span class='ocrx_word' id='word_1_285' title='bbox 850 2194 917 2224; x_wconf 88' lang='lat' dir='ltr'>III</span> <span class='ocrx_word' id='word_1_286' title='bbox 945 2203 988 2233; x_wconf 72' lang='lat'>94</span> <span class='ocrx_word' id='word_1_287' title='bbox 1017 2194 1056 2225; x_wconf 81' lang='lat' dir='ltr'>&#39;et</span> <span class='ocrx_word' id='word_1_288' title='bbox 1082 2194 1232 2225; x_wconf 74' lang='lat' dir='ltr'>toruum&#39;</span> <span class='ocrx_word' id='word_1_289' title='bbox 1262 2195 1298 2224; x_wconf 83' lang='lat' dir='ltr'>id</span> <span class='ocrx_word' id='word_1_290' title='bbox 1323 2198 1371 2224; x_wconf 82' lang='lat' dir='ltr'>est</span> <span class='ocrx_word' id='word_1_291' title='bbox 1399 2194 1509 2224; x_wconf 76' lang='lat' dir='ltr'>adhuc</span> <span class='ocrx_word' id='word_1_292' title='bbox 1536 2197 1686 2231; x_wconf 69' lang='lat' dir='ltr'>toruum,</span> 
     </span>
     <span class='ocr_line' id='line_1_33' title="bbox 189 2253 1686 2293; baseline -0.001 -8"><span class='ocrx_word' id='word_1_293' title='bbox 189 2254 300 2285; x_wconf 78' lang='lat' dir='ltr'>adhuc</span> <span class='ocrx_word' id='word_1_294' title='bbox 321 2255 525 2285; x_wconf 74' lang='lat' dir='ltr'>minantem.</span> <span class='ocrx_word' id='word_1_295' title='bbox 585 2254 778 2284; x_wconf 73' lang='lat' dir='ltr'>Sallustius</span> <span class='ocrx_word' id='word_1_296' title='bbox 801 2254 839 2284; x_wconf 82' lang='lat' dir='ltr'>de</span> <span class='ocrx_word' id='word_1_297' title='bbox 862 2253 1037 2284; x_wconf 80' lang='lat' dir='ltr'>Catilina:</span> <span class='ocrx_word' id='word_1_298' title='bbox 1072 2253 1255 2290; x_wconf 77' lang='lat' dir='ltr'>ferociam,</span> <span class='ocrx_word' id='word_1_299' title='bbox 1291 2263 1403 2293; x_wconf 86' lang='lat' dir='ltr'>quam</span> <span class='ocrx_word' id='word_1_300' title='bbox 1433 2253 1540 2283; x_wconf 89' lang='lat' dir='ltr'>uiuus</span> <span class='ocrx_word' id='word_1_301' title='bbox 1570 2253 1686 2283; x_wconf 87' lang='lat' dir='ltr'>habu-</span> 
     </span>
    </p>
   </div>
   <div class='ocr_carea' id='block_1_7' title="bbox 189 2312 667 2351">
    <p class='ocr_par' dir='ltr' id='par_1_9' title="bbox 189 2312 667 2351">
     <span class='ocr_line' id='line_1_34' title="bbox 189 2312 667 2351; baseline -0.002 -8"><span class='ocrx_word' id='word_1_302' title='bbox 189 2316 278 2351; x_wconf 84' lang='lat' dir='ltr'>erat,</span> <span class='ocrx_word' id='word_1_303' title='bbox 305 2312 342 2343; x_wconf 85' lang='lat' dir='ltr'>in</span> <span class='ocrx_word' id='word_1_304' title='bbox 366 2313 474 2343; x_wconf 88' lang='lat' dir='ltr'>uultu</span> <span class='ocrx_word' id='word_1_305' title='bbox 497 2312 667 2343; x_wconf 83' lang='lat' dir='ltr'>retinens.</span> 
     </span>
    </p>
   </div>
   <div class='ocr_carea' id='block_1_8' title="bbox 191 2400 295 2405">
    <p class='ocr_par' dir='ltr' id='par_1_10' title="bbox 191 2400 295 2405">
     <span class='ocr_line' id='line_1_35' title="bbox 191 2400 295 2405; baseline 0 0"><span class='ocrx_word' id='word_1_306' title='bbox 191 2400 295 2405; x_wconf 95' lang='lat' dir='ltr'> </span> 
     </span>
    </p>
   </div>
   <div class='ocr_carea' id='block_1_9' title="bbox 298 2400 402 2404">
    <p class='ocr_par' dir='ltr' id='par_1_11' title="bbox 298 2400 402 2404">
     <span class='ocr_line' id='line_1_36' title="bbox 298 2400 402 2404; baseline 0 0"><span class='ocrx_word' id='word_1_307' title='bbox 298 2400 402 2404; x_wconf 95' lang='lat' dir='ltr'> </span> 
     </span>
    </p>
   </div>
   <div class='ocr_carea' id='block_1_10' title="bbox 186 2439 1686 2660">
    <p class='ocr_par' dir='ltr' id='par_1_12' title="bbox 186 2439 1686 2601">
     <span class='ocr_line' id='line_1_37' title="bbox 283 2439 1686 2473; baseline -0.001 0"><span class='ocrx_word' id='word_1_308' title='bbox 283 2451 297 2473; x_wconf 93' lang='lat'>1</span> <span class='ocrx_word' id='word_1_309' title='bbox 335 2442 457 2473; x_wconf 86' lang='lat' dir='ltr'>anima</span> <span class='ocrx_word' id='word_1_310' title='bbox 495 2442 629 2472; x_wconf 85' lang='lat' dir='ltr'>amissa</span> <span class='ocrx_word' id='word_1_311' title='bbox 665 2447 692 2473; x_wconf 89' lang='grc' dir='ltr'>Β</span> <span class='ocrx_word' id='word_1_312' title='bbox 927 2439 1046 2471; x_wconf 81' lang='lat' dir='ltr'>medio</span> <span class='ocrx_word' id='word_1_313' title='bbox 1082 2441 1120 2472; x_wconf 84' lang='lat' dir='ltr'>Pl</span> <span class='ocrx_word' id='word_1_314' title='bbox 1345 2450 1362 2470; x_wconf 88' lang='lat'>2</span> <span class='ocrx_word' id='word_1_315' title='bbox 1395 2439 1529 2471; x_wconf 87' lang='lat' dir='ltr'>diuersi</span> <span class='ocrx_word' id='word_1_316' title='bbox 1561 2450 1581 2471; x_wconf 86' lang='lat' dir='ltr'>a</span> <span class='ocrx_word' id='word_1_317' title='bbox 1612 2440 1686 2471; x_wconf 88' lang='lat' dir='ltr'>suis</span> 
     </span>
     <span class='ocr_line' id='line_1_38' title="bbox 186 2498 1685 2540; baseline -0.001 -8"><span class='ocrx_word' id='word_1_318' title='bbox 186 2500 250 2532; x_wconf 85' lang='lat' dir='ltr'>sed</span> <span class='ocrx_word' id='word_1_319' title='bbox 271 2513 294 2533; x_wconf 86' lang='lat' dir='ltr'>n</span> <span class='ocrx_word' id='word_1_320' title='bbox 515 2510 532 2540; x_wconf 88' lang='lat'>3</span> <span class='ocrx_word' id='word_1_321' title='bbox 558 2500 719 2531; x_wconf 84' lang='lat' dir='ltr'>aduersis</span> <span class='ocrx_word' id='word_1_322' title='bbox 740 2510 780 2531; x_wconf 73' lang='lat' dir='ltr'>ex</span> <span class='ocrx_word' id='word_1_323' title='bbox 800 2499 877 2530; x_wconf 84' lang='lat' dir='ltr'>diu-</span> <span class='ocrx_word' id='word_1_324' title='bbox 902 2499 941 2530; x_wconf 81' lang='lat' dir='ltr'>P1</span> <span class='ocrx_word' id='word_1_325' title='bbox 1172 2511 1191 2539; x_wconf 79' lang='lat'>4</span> <span class='ocrx_word' id='word_1_326' title='bbox 1227 2498 1407 2530; x_wconf 80' lang='lat' dir='ltr'>cadauera</span> <span class='ocrx_word' id='word_1_327' title='bbox 1441 2499 1605 2530; x_wconf 85' lang='lat' dir='ltr'>hostiurn</span> <span class='ocrx_word' id='word_1_328' title='bbox 1642 2505 1685 2531; x_wconf 87' lang='lat' dir='ltr'>Fs</span> 
     </span>
     <span class='ocr_line' id='line_1_39' title="bbox 455 2558 1683 2601; baseline -0.002 -11"><span class='ocrx_word' id='word_1_329' title='bbox 455 2559 607 2601; x_wconf 87' lang='lat' dir='ltr'>paulum</span> <span class='ocrx_word' id='word_1_330' title='bbox 646 2560 859 2591; x_wconf 72' lang='lat' dir='ltr'>NKM²Tme</span> <span class='ocrx_word' id='word_1_331' title='bbox 1076 2561 1096 2588; x_wconf 80' lang='grc'>6</span> <span class='ocrx_word' id='word_1_332' title='bbox 1124 2558 1253 2589; x_wconf 87' lang='lat' dir='ltr'>uiuens</span> <span class='ocrx_word' id='word_1_333' title='bbox 1284 2558 1323 2590; x_wconf 81' lang='lat' dir='ltr'>P1</span> <span class='ocrx_word' id='word_1_334' title='bbox 1538 2559 1557 2587; x_wconf 81' lang='grc'>8</span> <span class='ocrx_word' id='word_1_335' title='bbox 1602 2568 1683 2599; x_wconf 88' lang='lat' dir='ltr'>cap-</span> 
     </span>
    </p>

    <p class='ocr_par' dir='ltr' id='par_1_13' title="bbox 187 2617 1446 2660">
     <span class='ocr_line' id='line_1_40' title="bbox 187 2617 1446 2660; baseline -0.002 -11"><span class='ocrx_word' id='word_1_336' title='bbox 187 2622 246 2649; x_wconf 87' lang='lat' dir='ltr'>tus</span> <span class='ocrx_word' id='word_1_337' title='bbox 277 2619 345 2660; x_wconf 87' lang='lat' dir='ltr'>est]</span> <span class='ocrx_word' id='word_1_338' title='bbox 373 2622 427 2649; x_wconf 84' lang='lat' dir='ltr'>est</span> <span class='ocrx_word' id='word_1_339' title='bbox 460 2629 514 2649; x_wconf 83' lang='lat' dir='ltr'>om</span> <span class='ocrx_word' id='word_1_340' title='bbox 534 2630 557 2649; x_wconf 89' lang='lat' dir='ltr'>n</span> <span class='ocrx_word' id='word_1_341' title='bbox 796 2618 901 2648; x_wconf 75' lang='lat' dir='ltr'>iuxta</span> <span class='ocrx_word' id='word_1_342' title='bbox 922 2627 975 2648; x_wconf 84' lang='lat' dir='ltr'>om</span> <span class='ocrx_word' id='word_1_343' title='bbox 1001 2623 1027 2649; x_wconf 93' lang='lat' dir='ltr'><strong>P</strong></span> <span class='ocrx_word' id='word_1_344' title='bbox 1221 2626 1257 2647; x_wconf 89' lang='lat'>11</span> <span class='ocrx_word' id='word_1_345' title='bbox 1295 2617 1332 2647; x_wconf 86' lang='lat' dir='ltr'>in</span> <span class='ocrx_word' id='word_1_346' title='bbox 1366 2627 1399 2648; x_wconf 79' lang='lat' dir='ltr'>ss</span> <span class='ocrx_word' id='word_1_347' title='bbox 1435 2622 1446 2648; x_wconf 80' lang='lat'>1</span> 
     </span>
    </p>
   </div>
   <div class='ocr_carea' id='block_1_11' title="bbox 187 2672 1683 2777">
    <p class='ocr_par' dir='ltr' id='par_1_14' title="bbox 187 2672 1683 2777">
     <span class='ocr_line' id='line_1_41' title="bbox 190 2672 1683 2721; baseline -0.002 -13"><span class='ocrx_word' id='word_1_348' title='bbox 190 2686 228 2708; x_wconf 84' lang='lat'>12</span> <span class='ocrx_word' id='word_1_349' title='bbox 252 2677 314 2718; x_wconf 89' lang='lat' dir='ltr'>qui</span> <span class='ocrx_word' id='word_1_350' title='bbox 348 2687 366 2707; x_wconf 91' lang='lat' dir='ltr'>e</span> <span class='ocrx_word' id='word_1_351' title='bbox 414 2676 446 2707; x_wconf 72' lang='lat' dir='ltr'><em>X</em></span> <span class='ocrx_word' id='word_1_352' title='bbox 469 2678 522 2717; x_wconf 80' lang='lat' dir='ltr'>(ex</span> <span class='ocrx_word' id='word_1_353' title='bbox 554 2686 647 2718; x_wconf 87' lang='lat' dir='ltr'>quae</span> <span class='ocrx_word' id='word_1_354' title='bbox 681 2677 736 2715; x_wconf 88' lang='lat' dir='ltr'>P)l</span> <span class='ocrx_word' id='word_1_355' title='bbox 767 2676 829 2718; x_wconf 82' lang='lat' dir='ltr'>qm&#39;</span> <span class='ocrx_word' id='word_1_356' title='bbox 851 2686 895 2707; x_wconf 81' lang='lat' dir='ltr'>ex</span> <span class='ocrx_word' id='word_1_357' title='bbox 917 2688 939 2707; x_wconf 89' lang='lat' dir='ltr'>n</span> <span class='ocrx_word' id='word_1_358' title='bbox 970 2672 1111 2721; x_wconf 61' lang='lat' dir='ltr'>quiljde</span> <span class='ocrx_word' id='word_1_359' title='bbox 1132 2678 1166 2715; x_wconf 84' lang='lat' dir='ltr'>(a</span> <span class='ocrx_word' id='word_1_360' title='bbox 1183 2678 1272 2712; x_wconf 72' lang='lat' dir='ltr'>eras)</span> <span class='ocrx_word' id='word_1_361' title='bbox 1301 2681 1329 2707; x_wconf 74' lang='lat' dir='ltr'>N</span> <span class='ocrx_word' id='word_1_362' title='bbox 1359 2676 1421 2715; x_wconf 79' lang='lat' dir='ltr'>qui</span> <span class='ocrx_word' id='word_1_363' title='bbox 1440 2675 1486 2705; x_wconf 85' lang='lat' dir='ltr'>ad</span> <span class='ocrx_word' id='word_1_364' title='bbox 1504 2685 1545 2705; x_wconf 85' lang='lat' dir='ltr'>ea</span> <span class='ocrx_word' id='word_1_365' title='bbox 1563 2680 1683 2706; x_wconf 82' lang='lat' dir='ltr'>castra</span> 
     </span>
     <span class='ocr_line' id='line_1_42' title="bbox 187 2735 913 2777; baseline -0.004 -9"><span class='ocrx_word' id='word_1_366' title='bbox 187 2748 223 2768; x_wconf 87' lang='lat' dir='ltr'>m</span> <span class='ocrx_word' id='word_1_367' title='bbox 240 2737 302 2777; x_wconf 89' lang='lat' dir='ltr'>qui</span> <span class='ocrx_word' id='word_1_368' title='bbox 319 2746 374 2767; x_wconf 86' lang='lat' dir='ltr'>om</span> <span class='ocrx_word' id='word_1_369' title='bbox 395 2741 425 2767; x_wconf 89' lang='lat' dir='ltr'>D</span> <span class='ocrx_word' id='word_1_370' title='bbox 443 2736 506 2777; x_wconf 82' lang='lat' dir='ltr'>qui</span> <span class='ocrx_word' id='word_1_371' title='bbox 524 2735 568 2766; x_wconf 88' lang='lat' dir='ltr'>de</span> <span class='ocrx_word' id='word_1_372' title='bbox 586 2736 646 2766; x_wconf 77' lang='lat' dir='ltr'>rell</span> <span class='ocrx_word' id='word_1_373' title='bbox 679 2736 872 2765; x_wconf 86' lang='lat' dir='ltr'>castrensis</span> <span class='ocrx_word' id='word_1_374' title='bbox 891 2747 913 2766; x_wconf 87' lang='lat' dir='ltr'>n</span> 
     </span>
    </p>
   </div>
  </div>
 </body>
</html>
