2028 3261
699 663 1116 719 PRAEFATIO.

254 785 635 829 'Coniurationem
685 783 916 825 Catilinae’
970 790 1016 824 et
1068 784 1259 824 'Bellum
1312 784 1647 836 Iugurthinum'

160 858 342 901 Sallusti
396 856 611 901 editurus,
670 867 807 907 quarn
858 855 1082 895 rationem
1133 854 1179 894 in
1232 854 1461 895 codicibus
1508 855 1651 897 Sallu-

160 929 318 971 stianis
355 927 570 981 eligendis
606 932 651 967 et
685 927 978 967 aestimandis
1010 927 1094 967 sim
1121 933 1314 973 secutus,
1352 926 1397 966 in
1427 926 1540 967 libro
1574 926 1650 978 qui

160 999 419 1040 inscribitur
455 998 793 1050 'Prolegomena
824 998 871 1037 in
903 997 1180 1039 Sallustium'
1218 996 1441 1049 explicaui
1463 996 1650 1037 ibidem-

160 1083 246 1122 que
277 1069 331 1109 de
358 1067 628 1120 cognatione
657 1066 877 1112 codicum,
914 1066 1138 1120 stirpium,
1164 1066 1376 1107 classium
1394 1065 1650 1106 accuratius

159 1139 404 1193 disputaui.

251 1208 530 1251 Testimonia
582 1208 855 1262 scriptorum
904 1208 1105 1261 undique
1145 1208 1334 1248 collecta
1375 1221 1512 1260 quam
1553 1206 1649 1247 dili-

158 1280 418 1334 gentissime
455 1278 611 1320 adtuli.
650 1279 789 1320 etiam
823 1279 1115 1326 imitationes,
1156 1292 1267 1331 quas
1302 1285 1413 1319 nota
1450 1279 1489 1330 cf
1518 1278 1650 1331 signi-

158 1351 309 1399 ficaui,
350 1351 519 1404 passim
558 1350 757 1397 adhibui,
795 1350 831 1390 si
871 1351 1006 1390 modo
1031 1350 1089 1390 ad
1112 1354 1294 1390 textum
1317 1349 1652 1390 restituendum

161 1421 332 1475 aliquid
378 1420 596 1464 ualebant
642 1421 712 1462 uel
761 1422 818 1462 ad
864 1426 1010 1461 certos
1055 1420 1176 1461 locos
1223 1425 1437 1474 poterant
1483 1419 1648 1461 referri.

160 1507 267 1534 nam
318 1505 632 1545 quaecumque
682 1492 874 1545 scriptor
925 1490 1115 1543 Dictyis,
1170 1490 1394 1545 Sulpicius
1445 1491 1648 1537 Seuerus,

160 1563 535 1617 ExsuperantiuS,
595 1562 893 1616 Hegesippus,
953 1562 1040 1609 alii,
1102 1562 1177 1616 qui
1222 1576 1246 1602 a
1288 1562 1503 1604 Sallustio
1544 1566 1653 1603 sunt

159 1633 300 1675 furati
331 1639 377 1675 et
410 1634 467 1675 ad
497 1647 631 1674 suum
663 1633 852 1686 quisque
884 1633 1124 1675 arbitrium
1155 1638 1387 1674 mutantes
1417 1646 1525 1673 suae
1556 1644 1651 1673 ora-

162 1705 273 1746 tioni
299 1704 640 1752 inmiscuerunt,
663 1719 715 1746 ea
735 1703 889 1746 omnia
908 1717 1173 1745 coaceruare
1196 1709 1241 1744 et
1264 1716 1653 1757 superuacaneum

160 1780 207 1816 et
229 1775 391 1816 inutile
415 1775 749 1817 existimabam.

256 1848 311 1887 In
364 1847 498 1888 rebus
550 1845 910 1900 orthographicis
950 1845 1175 1887 rationem
1216 1843 1439 1886 scribendi
1481 1858 1649 1891 eorum,

161 1917 238 1970 qui
285 1922 392 1958 ante
439 1931 510 1958 me
553 1917 820 1960 Sallustium
864 1916 1117 1963 ediderunt,
1165 1915 1431 1969 plerumque
1475 1928 1649 1968 sequor.

160 1992 215 2030 ut
261 1986 430 2028 formas
481 1988 775 2030 uestustiores
823 1988 980 2034 lubido,
1032 2000 1278 2034 maxumus,
1330 1991 1463 2033 uorto,
1501 1998 1650 2033 nouos,

161 2057 258 2098 sim.
311 2058 468 2099 scribo.
523 2057 730 2112 quamuis
780 2059 900 2100 enim
952 2058 1127 2100 codices
1162 2057 1233 2098 uel
1271 2055 1573 2110 antiquissimi
1608 2056 1655 2097 in

162 2130 247 2170 hac
285 2142 332 2169 re
373 2129 507 2170 ualde
545 2128 637 2170 sint
674 2129 999 2176 inconstantes,
1042 2134 1199 2170 tamen
1238 2127 1346 2169 mihi
1386 2128 1656 2182 persuadere

161 2213 254 2241 non
292 2199 423 2253 potui
462 2225 519 2229 —-
557 2200 604 2241 id
645 2201 766 2254 quod
805 2200 1196 2246 Maurenbrecher,
1240 2199 1284 2241 C.
1309 2198 1494 2241 Sallusti
1513 2198 1655 2253 Crispi

162 2270 472 2312 Historiarum
519 2271 754 2325 Reliquiae
798 2271 904 2314 fasc.
953 2274 1000 2313 Π
1045 2271 1229 2312 uidetur
1273 2269 1461 2311 suadere
1503 2294 1561 2300 —
1603 2274 1656 2310 ut

162 2346 321 2395 putem
354 2355 428 2383 eas
453 2341 666 2385 Sallustio
697 2343 881 2385 omnino
919 2356 1013 2384 esse
1052 2341 1390 2384 abiudicandas.
1461 2353 1655 2394 cumque

162 2411 260 2453 fieri
297 2425 389 2454 non
426 2412 569 2467 possit
606 2419 658 2454 ut
694 2427 800 2455 usus
837 2413 1100 2456 Sallustiani
1139 2418 1283 2454 certas
1321 2424 1502 2453 normas
1540 2416 1654 2451 stat·

164 2495 338 2530 uanius,
378 2483 547 2525 formas
585 2490 792 2526 uetustas
828 2485 997 2538 ubique
1033 2483 1192 2538 recepi.
1235 2496 1515 2537 quamquam
1551 2495 1654 2523 con-

163 2553 273 2594 cedo
309 2553 422 2595 tales
459 2554 641 2603 formas,
681 2555 835 2610 quales
870 2561 978 2597 sunt
1013 2556 1252 2602 minumus,
1292 2554 1506 2605 insumus,
1545 2550 1655 2593 mihi

164 2636 255 2664 non
290 2624 487 2667 multum
516 2625 702 2679 placere.
744 2633 791 2668 at
827 2634 966 2668 'noster
995 2640 1095 2667 sum
1126 2630 1405 2679 aspernatus,
1440 2622 1656 2677 quoniam

163 2694 280 2735 hanc
310 2694 504 2737 formam
534 2697 814 2751 temporibus
845 2697 1028 2740 Sallusti
1058 2697 1105 2738 in
1135 2710 1219 2737 usu
1250 2709 1341 2737 non
1370 2694 1506 2735 fuisse
1536 2698 1655 2735 certe

164 2770 346 2806 constat
397 2765 627 2810 (nimirum
673 2767 848 2809 codices
897 2767 973 2821 qui
1002 2780 1177 2821 semper
1209 2765 1300 2807 fere
1334 2763 1656 2818 compendium

164 2835 237 2877 nn·
274 2836 446 2877 habent
483 2851 629 2890 neque
666 2839 783 2879 hanc
821 2852 967 2890 neque
1009 2838 1134 2878 illam
1176 2836 1399 2877 rationem
1430 2834 1654 2875 scribendi
