2028 3261
545 202 833 233 CONIVRATIO
874 199 1126 233 CATILINAE
1168 190 1212 237 [c.
1239 190 1394 237 38—40]
1648 196 1697 237 51

303 309 454 350 Isdem
477 308 758 361 temporibus
782 310 955 347 Romae
970 306 1203 352 Lentulus,
1221 304 1351 345 sicuti
1369 304 1562 345 Catilina
1576 316 1701 355 prae·
1721 302 1750 344 6

209 385 404 433 ceperat,
451 392 761 432 quoscumque
804 377 1005 417 moribus
1047 380 1128 415 aut
1168 375 1355 415 fortuna
1396 373 1526 413 nouis
1568 373 1702 413 rebus

208 451 394 491 idoneos
448 449 674 496 credebat,
725 453 805 488 aut
839 460 917 500 per
953 460 998 486 se
1035 450 1115 484 aut
1150 457 1228 496 per
1265 444 1375 483 alios
1411 443 1699 490 sollicitabat,

209 535 354 573 neque
401 521 546 561 solum
593 518 715 565 ciuis,
753 518 830 558 sed
865 516 1082 567 cuiusque
1118 514 1238 554 modi
1275 527 1415 565 genus
1449 513 1700 560 hominum,

162 601 185 643 5
209 592 331 643 quod
362 591 497 631 modo
528 590 644 630 bello
675 587 774 628 usui
806 587 935 627 foret.
1006 585 1141 637 igitur
1174 587 1222 624 P.
1255 584 1486 625 Vmbreno
1518 583 1699 623 cuidam
1724 591 1775 629 40

208 662 441 714 negotium
472 660 564 707 dat,
598 658 665 699 uti
696 659 868 709 legatos
897 656 1192 708 Allobrogum
1222 654 1424 707 requirat
1454 667 1632 705 eosque,
1667 653 1700 694 si

208 733 363 785 possit,
424 730 612 783 inpellat
654 728 711 768 ad
754 727 1018 768 societatem
1060 725 1176 773 belli,
1210 725 1491 766 existumans
1522 724 1703 777 publica

208 802 512 855 priuatimque
540 813 639 840 aere
668 798 812 839 alieno
839 810 1087 851 oppressos,
1117 800 1350 850 praeterea
1378 795 1499 848 quod
1538 800 1703 835 natura

207 886 314 925 gens
351 871 521 913 Gallica
555 869 765 910 bellicosa
801 873 930 915 esset,
969 867 1098 908 facile
1135 881 1210 908 eos
1247 867 1304 907 ad
1340 867 1441 907 tale‘
1467 865 1703 906 consilium

139 953 190 983 10
213 942 374 984 adduci
405 954 545 994 posse.
597 940 865 986 Vmbrenus‚
901 939 1022 991 quod
1051 938 1098 977 in
1129 936 1273 979 Gallia
1302 936 1561 989 negotiatus
1590 940 1700 983 erat,
1725 945 1749 975 2

207 1013 431 1067 plerisque
457 1010 737 1064 principibus
764 1009 1022 1050 ciuitatium
1049 1013 1187 1048 notus
1214 1012 1325 1055 erat,
1357 1013 1494 1059 atque
1522 1020 1597 1047 eos
1624 1020 1701 1047 no-

206 1088 348 1124 uerat.
406 1083 562 1134 itaque
588 1081 681 1122 sine
709 1094 847 1127 mora,
877 1080 953 1120 ubi
980 1079 1178 1132 primum
1203 1078 1376 1130 legatos
1402 1078 1447 1117 in
1474 1077 1571 1117 foro
1598 1091 1701 1117 con-

207 1153 369 1207 spexit,
403 1157 700 1206 percontatus
731 1165 876 1204 pauca
908 1151 963 1190 de
995 1154 1120 1190 statu
1153 1148 1353 1189 ciuitatis
1384 1154 1431 1189 et
1463 1147 1591 1199 quasi
1624 1148 1700 1188 do-

207 1226 302 1265 lens
329 1224 424 1264 eius
450 1237 605 1264 casum
632 1222 854 1274 requirere
881 1221 1043 1274 coepit,
1075 1234 1209 1272 quem
1236 1219 1411 1260 exitum
1438 1218 1581 1259 tantis
1608 1232 1701 1258 ma-

138 1304 189 1346 15
211 1295 264 1336 115
291 1299 536 1347 sperarent.
596 1298 841 1345 postquam
869 1292 967 1332 illos
993 1291 1120 1331 uidet
1149 1290 1272 1343 queri
1302 1290 1356 1330 de
1386 1289 1579 1330 auaritia
1608 1303 1700 1329 ma·
1721 1299 1748 1340 3

206 1366 493 1417 gistratuum‚
527 1377 736 1404 accusare
765 1368 987 1410 senatum,
1021 1361 1143 1414 quod
1171 1361 1217 1400 in
1247 1375 1299 1401 eo
1329 1360 1466 1401 auxili
1496 1360 1607 1399 nihil
1636 1373 1700 1399 65-

207 1441 287 1483 set,
328 1435 515 1475 miseriis
554 1434 644 1475 suis
682 1434 935 1474 remedium
975 1438 1169 1473 mortem
1207 1437 1459 1484 expectare,
1503 1431 1566 1470 'at
1604 1429 1697 1481 ego'

207 1506 357 1558 inquit
384 1505 539 1553 ’uobis‚
568 1505 602 1545 si
629 1505 765 1545 modo
790 1504 873 1544 uiri
899 1517 993 1544 esse
1018 1503 1167 1550 uoltis,
1195 1502 1419 1543 rationem
1445 1501 1698 1547 ostendam,

209 1590 299 1629 qua
325 1581 461 1616 tanta
490 1576 579 1616 ista
609 1576 729 1615 mala
759 1574 1016 1626 effugiatis’.
1080 1574 1190 1613 haec
1221 1573 1298 1613 ubi
1331 1572 1463 1619 dixit,
1496 1571 1700 1612 Allobro·
1721 1582 1748 1622 4

134 1659 188 1689 20
210 1661 284 1700 ges
316 1647 362 1686 in
395 1659 659 1686 maxumam
692 1659 817 1699 spem
851 1644 1036 1685 adducti
1068 1646 1107 1685 V
1112 1644 1350 1684 mbrenum
1384 1655 1521 1689 orare,
1558 1647 1611 1682 ut
1634 1641 1702 1682 sui

206 1717 503 1758 misereretur:
540 1716 651 1756 nihil
685 1721 782 1756 tam
817 1729 1026 1768 asperum
1060 1728 1206 1766 neque
1241 1719 1338 1753 tam
1373 1712 1557 1753 difficile
1591 1725 1699 1759 esse,

207 1788 328 1841 quod
354 1801 445 1828 non
471 1787 774 1840 cupidissume
801 1786 964 1826 facturi
992 1790 1154 1832 essent,
1184 1784 1296 1825 dum
1312 1797 1364 1824 ea
1380 1797 1449 1823 res
1465 1782 1702 1823 ciuitatem

301 1915 352 1945 13.
396 1907 502 1936 Aras.
528 1906 602 1936 VII
619 1910 642 1946 p
661 1906 727 1944 464
745 1906 790 1936 Κ.
814 1906 909 1936 'dolet
929 1906 1024 1936 illam
1045 1904 1138 1941 rens,
1159 1904 1233 1935 Sal.
1254 1904 1379 1934 Cam„-
1397 1906 1433 1933 et
1451 1901 1556 1943 quasi
1574 1901 1702 1931 dolens

207 1975 343 1997 casum.
365 1983 411 1987 »-
431 1966 541 1995 Prisc.
565 1965 631 1994 III
653 1969 675 2005 ρ
698 1965 762 1994 281
785 1965 830 1994 Κ.
853 1968 882 1994 et
905 1974 964 1994 nos
986 1974 1117 2004 quoque
1141 1963 1246 1993 'doleo
1268 1963 1365 1992 illam
1389 1961 1470 1992 rem'
1492 1965 1521 1992 et
1546 1960 1618 1991 'illa
1640 1959 1698 1990 γε’.

205 2043 251 2047 -
275 2043 332 2055 -.
384 2025 574 2055 Sallustius
602 2025 636 2053 in
664 2024 895 2054 Catz’lz'nam'o:
943 2027 978 2053 et
1004 2022 1108 2063 quasi
1133 2021 1261 2052 dolens
1285 2021 1361 2051 eius
1386 2030 1521 2050 casum.
1573 2019 1648 2049 Ibd.
1676 2022 1701 2059 p

204 2094 224 2123 3
236 2094 278 2124 07
308 2085 397 2114 item.

300 2269 317 2290 2
342 2269 519 2300 quoscum
551 2260 635 2298 (que
657 2264 702 2296 ss)
732 2264 757 2289 P
965 2269 983 2297 4
1007 2256 1268 2296 cuiuscumque
1292 2254 1390 2286 modi
1434 2255 1512 2285 P⁴m

205 2328 222 2357 5
246 2318 330 2348 belli
355 2324 381 2349 P
641 2317 721 2347 usui
748 2316 841 2346 foret
870 2316 963 2346 bello
994 2310 1120 2354 KHT's
1240 2358 1243 2360 .
1370 2316 1389 2343 6
1419 2307 1646 2353 all'ogobrum
1675 2318 1703 2343 P

206 2378 300 2417 (item
327 2378 418 2416 451)
452 2382 479 2407 B
499 2377 595 2416 (corr)
621 2382 652 2407 Η
678 2377 771 2415 (item
801 2384 899 2414 41.I,·
927 2384 1088 2413 44.1,3,·
1116 2383 1214 2414 45.J,‘
1243 2373 1357 2412 52.36)
1378 2377 1387 2403 l
1406 2373 1631 2412 allobrogum
1663 2372 1701 2401 z'n

205 2446 261 2466 ras
283 2442 312 2468 N
545 2445 561 2474 7
588 2438 709 2476 posset
735 2447 755 2464 n
997 2434 1015 2463 8
1042 2436 1230 2474 praeterea
1254 2443 1287 2463 ss
1313 2437 1339 2462 T
1364 2442 1417 2462 om
1445 2442 1463 2471 γ

204 2506 224 2531 9
249 2494 377 2534 gallica
401 2504 487 2535 gens
511 2506 534 2524 n
733 2493 903 2524 bellicosa
931 2498 1009 2522 erat
1037 2492 1087 2523 31²
1107 2493 1214 2531 (esset
1242 2494 1287 2531 ss)
1322 2497 1347 2521 T
1570 2499 1609 2519 10
1639 2488 1700 2518 ad-

205 2552 287 2583 duci
315 2556 437 2594 posset
464 2565 487 2583 n
733 2552 839 2592 gallio
872 2558 898 2582 P
1151 2560 1187 2581 11
1223 2550 1431 2581 ciuitatium
1458 2548 1528 2580 'XN
1553 2548 1574 2587 (i
1607 2548 1697 2584 eras)

204 2611 398 2641 ciuitatum
431 2610 618 2642 P⁴I¹lsnme
853 2620 892 2641 12
919 2610 1077 2651 primum
1102 2620 1156 2640 om
1184 2615 1217 2640 K
1403 2618 1442 2647 13
1469 2607 1665 2638 condolens
1689 2611 1700 2637 l

401 2680 440 2708 15
464 2669 559 2700 uidit
583 2670 620 2701 Ρ1
641 2670 716 2709 (det
740 2671 806 2708 7122)
836 2675 1001 2700 KMFme
1192 2669 1292 2699 uidet
1316 2668 1395 2698 illos
1418 2679 1440 2697 n
1463 2666 1556 2696 uidit
1580 2665 1659 2695 illos
1682 2676 1700 2694 e

463 2738 502 2767 17
534 2728 741 2768 expectare]
770 2738 913 2768 sperare
942 2738 974 2757 ss
997 2733 1061 2759 ΝΒ
1091 2737 1233 2768 sperare
1265 2728 1471 2766 (expectare
1500 2726 1545 2760 ss)
1579 2723 1699 2754 Μ’·’Τιιι

203 2797 345 2828 sperare
368 2800 411 2818 ne
663 2790 767 2826 atego
788 2797 829 2816 ex
851 2786 940 2816 adeo
984 2791 1009 2816 P
1261 2794 1301 2822 19
1325 2787 1457 2815 cuncta
1479 2782 1575 2813 mala
1596 2781 1667 2811 ista
1688 2785 1700 2811 l

458 2855 495 2876 21
520 2845 765 2876 miseretretur
790 2851 818 2876 N
838 2845 1027 2875 miseretur
1050 2844 1180 2875 Ρ4ΚΜ2
1199 2854 1236 2873 re
1255 2853 1288 2873 ss
1308 2849 1381 2873 Mm
