2028 3261
538 228 829 259 CONIVRATro
864 228 1117 262 cATrtrNAE
1154 220 1199 268 [c.
1230 222 1338 270 4-5j
1655 233 1680 275 9

191 337 331 385 fusus,
360 336 521 377 ardens
545 335 591 376 in
616 335 958 389 cupiditatibus;
986 336 1096 377 satis
1120 337 1417 389 eloquentiae,
1437 339 1685 392 sapientiae

192 421 366 461 parum.
413 412 572 448 uastus
602 405 779 447 animus
807 406 1104 453 inmoderata,
1132 406 1424 455 incredibilia,
1443 409 1576 450 nimis
1593 410 1686 450 alta
1711 418 1734 460 5

192 492 368 532 semper
395 477 622 531 cupiebat.
665 477 786 517 hunc
801 482 905 530 post
921 474 1280 514 dominationem
1298 477 1685 520 L-Sussaelub1'd0
1711 478 1736 518 6

192 562 410 589 maxuma
468 548 699 588 inuaserat
758 547 818 587 rei
871 546 1078 600 publicae
1123 547 1389 600 capiundae,
1442 562 1588 601 neque
1639 549 1685 590 id

144 630 169 672 5
195 619 359 671 quibus
402 618 548 660 modis
591 618 926 669 adsequeretur,
974 617 1083 657 dum
1127 617 1211 658 sibi
1255 631 1444 670 regnum
1486 625 1681 672 pararet,

194 690 439 743 quicquam
470 687 596 742 pensi
628 687 841 727 habebat.
907 687 1168 739 agitabatur
1200 689 1342 740 magis
1375 689 1608 742 magisque
1639 689 1685 730 in
1711 701 1736 742 7

193 760 286 801 dies
317 760 493 800 animus
522 759 649 799 ferox
677 757 830 810 inopia
860 757 921 798 rei
951 756 1185 799 familiaris
1214 764 1260 799 et
1290 758 1565 800 conscientia
1594 773 1683 801 sce-

192 832 347 878 lerum,
383 843 497 882 quae
529 834 723 881 utraque
754 827 807 868 iis
839 827 1013 869 artibus
1045 834 1248 877 auxerat,
1284 843 1395 882 quas
1427 843 1563 883 supra
1594 844 1683 871 me·

191 900 378 942 morani.
453 898 712 939 incitabant
755 904 988 951 praeterea
1032 900 1232 953 corrupti
1277 900 1478 941 ciuitatis
1522 915 1681 949 mores,
1711 901 1735 942 8

122 983 174 1012 10
191 984 303 1025 quos
326 983 537 1024 pessuma
562 983 613 1010 ac
638 969 819 1010 diuorsa
842 968 960 1010 inter
984 983 1028 1010 se
1053 970 1185 1018 mala,
1212 971 1391 1011 luxuria
1415 977 1553 1024 atque
1578 985 1683 1013 aua·

190 1042 306 1089 ritia,
345 1040 591 1082 uexabant.

286 1114 375 1152 Res
404 1111 502 1165 ipsa
530 1109 702 1151 hortari
730 1109 926 1158 uidetur,
951 1110 1167 1163 quoniam
1188 1112 1242 1152 de
1264 1111 1464 1153 moribus
1485 1111 1686 1154 ciuitatis
1712 1126 1736 1167 9

285 1240 314 1261 1.
362 1231 470 1261 Arus.
515 1229 590 1259 ῘἸῘ
622 1233 646 1270 p
669 1237 736 1268 449
760 1229 806 1259 Is.
833 1229 938 1260 'ardet
963 1230 999 1259 in
1025 1230 1084 1260 illa
1110 1229 1166 1267 γε’,
1193 1230 1336 1261 Sallust.
1361 1231 1458 1261 Bello
1482 1231 1607 1262 Catil:
1631 1241 1684 1262 ar-

187 1290 277 1320 dens
302 1289 340 1320 in
366 1287 644 1330 cupiditatibus.

282 1348 411 1378 Fronto
447 1347 528 1378 uide
564 1351 685 1387 supra.
725 1365 771 1369 ——
806 1347 889 1378 Gell.
927 1347 947 1378 I
982 1356 1076 1390 1543
1117 1348 1294 1378 I'alerium
1326 1349 1490 1385 Probum,
1512 1359 1684 1389 gramma-

186 1409 296 1438 ticum.
331 1407 512 1445 illustrem,
535 1416 575 1437 ex
594 1406 773 1444 familiari
793 1407 879 1441 eius,
902 1407 995 1436 docto
1020 1408 1105 1443 uiro,
1128 1409 1281 1447 comperi
1303 1408 1562 1438 Sallustianum
1578 1408 1684 1439 illud:

188 1467 279 1498 satis
308 1466 550 1506 eloquentiae,
581 1465 782 1506 sapientiae
812 1475 952 1506 parum,
984 1465 1081 1496 breui
1110 1470 1294 1507 autequam
1327 1470 1401 1497 uita
1430 1467 1610 1505 decederet,
1635 1469 1684 1498 sic

186 1527 294 1566 legere
323 1525 475 1565 coepisse
504 1527 532 1555 et
561 1525 610 1554 sic
639 1535 659 1555 a
688 1524 856 1555 Sallustio
886 1526 1040 1555 relictum
1071 1526 1333 1564 ajjirmauisse:
1362 1527 1447 1556 satis
1476 1527 1682 1566 loquentiae,

188 1585 386 1625 sapientiae
428 1587 567 1624 parum,
611 1583 701 1624 quod
726 1583 924 1623 'loquentia'
948 1586 1110 1615 nouatori
1132 1584 1313 1615 uerborum
1340 1585 1508 1615 Sallustio
1534 1587 1684 1616 maxime

187 1646 397 1684 congrueret,
423 1642 641 1683 'eloquentia’
664 1652 740 1673 cum
766 1643 976 1683 insipientia
998 1644 1143 1674 minime
1165 1645 1375 1674 conueniret.
1398 1662 1444 1665 ψ
1463 1644 1582 1684 Apoll.
1608 1644 1682 1675 Sid.

185 1706 239 1743 ep.
275 1703 334 1733 IX
365 1711 418 1741 9.2
448 1712 467 1733 a
492 1703 610 1742 regula
635 1701 849 1732 Sallustiani
871 1704 1022 1734 tramitis
1045 1703 1192 1733 detortus
1214 1703 1390 1736 exorbitat,
1410 1705 1471 1743 qui
1489 1704 1682 1734 Catilinam

186 1763 308 1802 culpat
337 1761 519 1792 habuisse:
570 1759 659 1791 satis
685 1760 926 1800 eloquentiae,
955 1761 1156 1802 sapientiae
1184 1771 1324 1802 parum.
1353 1780 1399 1783 —
1425 1762 1537 1793 Prisc.
1567 1762 1634 1792 III
1661 1767 1684 1803 ρ

187 1821 232 1859 85
257 1821 304 1851 Κ.
332 1820 500 1861 quomodo
525 1823 555 1850 et
580 1819 749 1850 aduerbia
773 1820 844 1850 loro
869 1822 1054 1851 nominum
1082 1822 1197 1861 posita
1223 1822 1429 1851 inuenimus
1455 1840 1501 1843 ——
1524 1839 1571 1843 —
1594 1825 1684 1852 ——et

188 1879 384 1910 Sallustius
415 1880 454 1909 in
487 1879 720 1910 Catilinario:
764 1878 853 1909 satis
884 1879 1125 1920 eloquentiae,
1159 1879 1359 1920 sapientiae
1391 1890 1532 1921 parum.
1564 1899 1611 1902 —
1641 1881 1685 1919 Cf

187 1939 317 1969 Fronto
335 1938 388 1968 ed.
408 1937 499 1969 Ναί).
520 1942 543 1978 j)
564 1946 630 1975 155
649 1947 778 1978 parum
797 1938 1026 1979 eloquentiae
1045 1943 1080 1969 et
1102 1940 1170 1977 (del
1189 1938 1325 1979 Haupt·
1350 1939 1550 1980 sapientiae
1582 1939 1682 1970 nihil.

282 2000 313 2028 6.
360 1997 403 2035 Cf
433 1998 608 2037 Panegyr.
646 1997 744 2027 VIII
764 2005 784 2035 4
802 1997 918 2038 magis
937 1997 1123 2038 magisque
1142 1998 1178 2028 in
1197 1997 1282 2029 dies.
1302 2016 1348 2020 ——
1365 1999 1458 2029 Dii-t.
1480 1998 1499 2028 I
1520 2007 1561 2038 19
1580 1999 1685 2030 alibi:

190 2055 226 2086 in
253 2056 330 2087 dies
355 2056 471 2097 magis
496 2056 696 2096 magisque.

285 2124 315 2155 7.
367 2115 412 2153 Cf
446 2116 642 2155 Augustin.
681 2115 771 2152 conf.
799 2115 842 2145 II
869 2124 889 2154 5
913 2119 954 2146 ut
979 2115 1114 2147 scilicet
1140 2115 1202 2146 illa
1227 2115 1487 2147 exercitatione
1512 2117 1687 2147 scelerum

191 2176 300 2215 capta
348 2175 438 2205 urbe
471 2175 637 2212 honores,
674 2173 836 2215 imperia,
873 2174 1021 2206 diuitias
1057 2175 1317 2216 adsequeretur
1351 2180 1387 2205 et
1422 2179 1559 2205 careret
1586 2181 1688 2206 nictu

188 2233 311 2273 legum
335 2237 371 2264 et
397 2233 622 2264 difficultate
646 2242 768 2263 rerum
793 2237 941 2276 propter
966 2234 1128 2275 inopiam
1152 2234 1203 2264 rei
1227 2234 1417 2265 familiaris
1443 2239 1478 2264 et
1505 2235 1687 2265 conscien-

190 2292 282 2322 tiam
308 2293 495 2323 scelerum.

283 2361 315 2388 9.
366 2352 498 2382 Comm.
536 2351 642 2382 Rern.
680 2351 725 2382 ad
756 2351 890 2383 Lucan.
917 2352 937 2383 I
963 2361 1028 2391 159
1055 2352 1200 2392 'sevirifer
1225 2363 1368 2383 mersere
1394 2352 1569 2393 potentes’.
1611 2353 1688 2384 Sal·

187 2411 336 2441 lustius:
387 2410 592 2441 incitabant
620 2414 808 2450 praeterea
836 2411 996 2452 corrupti
1024 2411 1186 2442 ciuitatis
1214 2421 1341 2442 mores.

285 2478 336 2500 12.
379 2470 515 2500 Saserd.
542 2470 590 2500 VI
607 2473 630 2510 p
648 2469 714 2509 446
731 2469 776 2500 K.
796 2472 982 2501 rationales
999 2470 1178 2500 duodecim
1195 2489 1242 2492 —
1256 2480 1311 2500 —-:
1332 2470 1506 2511 quoniam
1523 2471 1565 2501 de
1582 2471 1687 2502 niori-

187 2527 256 2558 bus
286 2528 458 2560 ciuitatis.

285 2631 298 2652 1
325 2631 454 2662 parum
476 2622 676 2662 sapientiae
700 2628 843 2654 HMFm
867 2623 964 2661 (corr)
1158 2632 1175 2654 2
1200 2623 1317 2655 uirtus
1340 2623 1414 2654 alta
1439 2629 1473 2655 K

190 2689 208 2718 5
234 2689 386 2720 regnum
411 2690 465 2710 om
493 2686 526 2713 K
717 2684 861 2722 pararet
885 2685 1001 2712 ex-rat
1029 2688 1055 2714 P
1253 2686 1272 2713 o
1299 2682 1441 2713 animus
1463 2682 1500 2713 iu
1523 2682 1598 2714 dies
1623 2688 1688 2714 HF

390 2749 407 2778 7
432 2744 582 2780 excepte
609 2740 743 2780 (iuopia
767 2741 850 2770 alm
873 2741 919 2779 ss)
948 2746 982 2772 K
1180 2741 1199 2771 8
1222 2745 1298 2782 post
1321 2751 1431 2782 supra
1457 2750 1513 2772 ras
1538 2742 1616 2771 circ.
1644 2749 1688 2779 25

187 2798 253 2828 litt.
280 2803 290 2830 1
498 2807 538 2828 10
563 2798 730 2838 diuis(s)a
753 2804 782 2830 D
807 2800 882 2838 (uer
901 2799 946 2837 ss)
971 2805 1038 2832 ΜΕ
1058 2809 1091 2830 ss
1111 2800 1161 2832 M²
1373 2809 1410 2830 se
1430 2809 1463 2830 ss
1484 2812 1502 2831 e

188 2856 286 2886 mala
310 2856 471 2887 moribus
496 2856 639 2887 luxuria
663 2863 671 2888 l
884 2867 923 2887 12
945 2853 1138 2903 uideffltur
1161 2858 1198 2896 (n
1218 2859 1305 2898 eras)
1334 2864 1361 2889 B
