2028 3261
539 214 828 246 CONIVRATIO
864 216 1118 249 CATILINAE
1153 208 1199 254 [c.
1228 208 1334 255 7—9]
1635 217 1684 257 15

201 335 339 375 quam
368 321 492 362 fama
522 321 740 362 feruntur.
804 323 880 363 sed
912 323 1018 375 quia
1047 336 1292 375 prouenere
1323 324 1383 364 ibi
1415 324 1686 376 scriptorum
1712 336 1736 375 3

200 405 365 444 magna
398 391 588 444 ingenia,
626 405 704 445 per
737 397 959 433 terrarum
994 393 1148 433 orbem
1186 393 1529 434 Atheniensium
1564 394 1687 435 facta

199 476 280 515 pro
319 461 544 503 maxumis
583 462 876 503 celebrantur.
947 462 1013 502 ita
1051 476 1205 502 eorum
1245 463 1321 514 qui
1360 463 1501 503 fecere
1540 464 1686 504 uirtus
1710 476 1735 516 4

199 537 332 573 tanta
356 532 562 580 habetur,
591 538 815 584 quantum
839 546 939 572 eam
964 531 1112 572 uerbis
1128 537 1316 585 potuere
1332 533 1545 573 extollere
1561 547 1686 586 prae-

151 612 175 654 5
200 602 320 643 clara
342 602 532 655 ingenia.
582 608 630 643 at
653 602 821 655 populo
846 603 1055 642 Romano
1078 615 1331 654 numquam
1355 616 1407 643 ea
1430 603 1560 656 copia
1583 603 1684 651 fuit,
1713 613 1736 654 5

201 673 307 726 quia
348 672 741 726 prudentissumus
784 671 973 724 quisque
1017 686 1230 713 maxume
1272 672 1531 725 negotiosus
1574 679 1684 722 erat,

199 743 429 795 ingenium
459 755 592 783 nemo
622 741 716 782 sine
747 755 932 795 corpore
963 734 1215 790 exercebat,
1250 748 1466 796 optumus
1498 744 1687 797 quisque

199 812 344 854 facere
374 826 512 865 quam
541 811 698 860 dicere,
730 825 811 852 sua
840 812 897 852 ab
928 812 1024 853 aliis
1052 813 1165 853 bene
1194 812 1317 854 facta
1345 814 1519 854 laudari
1549 828 1687 867 quam

198 883 293 937 ipse
335 882 525 923 aliorum
567 896 748 923 narrare
791 883 1003 923 malebat.

129 964 181 994 10
297 952 442 1005 Igitur
472 952 594 993 domi
610 952 887 1005 militiaeque
909 953 1015 994 boni
1038 967 1184 994 mores
1204 954 1481 1002 colebantur;
1506 969 1687 996 concor-
1709 966 1733 1003 9

198 1023 273 1064 dia
303 1036 532 1070 maxuma,
568 1022 771 1064 minuma
802 1023 996 1064 auaritia
1026 1028 1136 1072 erat;
1170 1023 1238 1064 ius
1269 1024 1531 1077 bonumque
1564 1026 1686 1079 apud

197 1107 272 1135 eos
300 1107 391 1134 non
419 1093 591 1146 legibus
620 1093 762 1146 inagis
791 1107 929 1146 quam
958 1099 1123 1134 natura
1151 1094 1348 1135 ualebat.
1409 1094 1566 1147 iurgia,
1599 1096 1685 1137 dis·

198 1163 385 1212 cordias,
426 1163 680 1205 simultates
717 1178 820 1205 cum
857 1164 1066 1205 hostibus
1103 1165 1387 1214 exercebant;
1427 1164 1546 1206 ciues
1583 1179 1687 1207 cum
1713 1178 1735 1208 2

197 1234 372 1275 ciuibus
396 1234 451 1275 de
475 1234 646 1275 uirtute
671 1234 921 1275 certabant.
978 1234 1024 1275 in
1049 1234 1278 1288 suppliciis
1303 1235 1490 1276 deorum
1515 1236 1686 1289 magni-

293 1361 321 1383 1.
369 1353 476 1383 Arus.
509 1353 583 1383 VII
615 1357 638 1393 ρ
673 1354 740 1392 485
764 1353 809 1384 K.
838 1353 887 1383 ’in
910 1353 973 1384 illa
997 1363 1028 1384 re
1053 1353 1211 1384 ueniens*
1235 1358 1297 1394 pro
1323 1354 1376 1385 illi
1402 1356 1451 1385 rei
1476 1357 1689 1395 proueniens

194 1429 367 1442 -——-——.
385 1412 434 1442 sic
460 1411 531 1443 Sal.
558 1411 654 1442 Bello
680 1413 804 1443 Catu..-
829 1411 890 1442 sed
915 1411 1000 1452 quia
1026 1421 1222 1453 prouenere
1248 1412 1297 1443 ibi
1321 1412 1542 1454 scriptorum
1556 1423 1690 1455 magna

196 1470 350 1511 ingenia.
370 1487 417 1492 —-
435 1470 573 1502 Sacerci.
601 1470 651 1501 VI
670 1474 693 1512 p
713 1471 779 1510 446
799 1471 844 1502 K.
866 1471 1054 1502 rationales
1073 1472 1253 1502 duodecim
1272 1489 1319 1494 ›—
1334 1489 1382 1494 —-
1396 1490 1444 1494 -——
1460 1490 1507 1494 ——
1523 1472 1586 1504 sed
1603 1473 1689 1515 quia

196 1538 404 1571 prouenere.

292 1598 320 1627 3.
383 1588 531 1619 Hieron.
559 1589 634 1619 uita
661 1589 695 1619 S.
723 1589 927 1620 Hilarionis
955 1598 984 1619 1.
1048 1589 1186 1620 Εο111111
1209 1591 1302 1620 enim
1330 1590 1392 1631 qui
1417 1591 1531 1622 fecere
1557 1591 1686 1629 uirtus,

195 1651 232 1678 ut
261 1649 311 1679 ait
340 1648 502 1688 Crispus,
534 1650 639 1678 tanta
668 1648 835 1686 habetur,
867 1652 1050 1689 quantuni
1077 1658 1159 1678 eam
1186 1649 1307 1680 uerbis
1336 1653 1486 1691 potuere
1516 1650 1688 1680 extollere

196 1706 382 1748 praeclara
402 1705 555 1746 ingenia.
578 1724 625 1728 —-—
644 1707 689 1744 Cf
714 1707 852 1747 Vopisc.
875 1708 937 1738 uit.
960 1706 1061 1738 Prob.
1087 1716 1105 1738 I
1127 1711 1268 1738 certum
1287 1714 1352 1746 est,
1376 1709 1473 1749 quod
1495 1708 1689 1740 Sallustius

196 1764 342 1807 Crispus
363 1764 534 1806 quodque
555 1767 602 1797 M.
626 1766 715 1796 Cato
738 1768 774 1796 et
795 1765 931 1797 Gellius
952 1765 1114 1796 historici
1134 1766 1338 1798 sententiae
1360 1767 1468 1798 modo
1490 1767 1527 1798 in
1547 1767 1688 1799 litteras

195 1824 429 1855 rettulerunt:
464 1833 591 1855 omnes
622 1824 789 1856 omnium
821 1824 980 1855 uirtutes
1013 1828 1138 1856 tantas
1171 1835 1258 1863 esse,
1295 1830 1454 1867 quantas
1485 1826 1603 1857 uideri
1627 1836 1687 1857 eas

195 1882 378 1913 noluerint
399 1892 523 1913 eorum
542 1883 696 1924 ingenia,
719 1882 781 1924 qui
802 1882 1086 1924 uniuscuiusque
1106 1883 1205 1914 facta
1226 1884 1491 1926 descripserint.

291 1951 320 1980 7.
366 1942 459 1973 Non.
481 1945 504 1981 p
532 1951 648 1983 322·³2
681 1943 734 1973 M.
771 1941 977 1983 'ingenium'
997 1946 1044 1973 est
1063 1944 1239 1974 naturalis
1259 1945 1448 1984 sapientia.
1495 1944 1686 1975 Sallustius

195 2001 235 2031 in
261 2001 439 2032 Catilinae
462 2001 580 2032 Bello:
602 2000 788 2042 ingenium
813 2011 918 2032 nemo
942 2001 1018 2032 sine
1044 2011 1191 2042 corpore
1216 2003 1419 2033 exercebat.

294 2069 344 2091 11.
389 2061 579 2101 Augustin.
613 2062 681 2092 ciu.
711 2060 754 2090 D.
777 2060 821 2090 II
841 2069 884 2100 17
903 2071 950 2092 an
969 2061 1053 2099 sorte
1073 2062 1203 2102 populo
1223 2061 1382 2092 Romano
1401 2065 1582 2103 propterea
1601 2063 1686 2102 leges

195 2128 266 2150 non
290 2122 372 2150 sunt
396 2129 417 2150 a
441 2120 650 2150 numinibus
673 2119 889 2157 constitutae,
915 2120 1010 2161 quia,
1037 2121 1126 2151 sicut
1150 2121 1342 2151 Sallustius
1367 2122 1428 2159 ait,
1455 2120 1509 2151 ius
1534 2120 1687 2152 bonurn-

196 2187 266 2219 que
284 2177 383 2219 apud
398 2187 458 2208 eos
475 2187 547 2209 non
564 2178 703 2219 legibus
718 2177 832 2218 magis
849 2188 961 2219 quam
976 2181 1110 2210 natura
1124 2179 1284 2210 ualebat.
1309 2180 1384 2210 Ibd.
1404 2180 1447 2210 II
1465 2180 1508 2210 18
1524 2181 1604 2211 item
1621 2181 1683 2211 bis.

294 2247 345 2276 14.
398 2237 491 2268 Non.
520 2241 543 2278 p
571 2238 688 2280 398.1⁹
715 2238 769 2268 M.
801 2236 1044 2278 'supplicium'
1072 2248 1211 2269 rursum
1227 2240 1452 2280 supplicatio,
1494 2240 1686 2270 Sallustius

195 2297 234 2327 in
264 2296 443 2328 Catilinae
470 2296 587 2327 Bello:
638 2295 674 2327 in
702 2295 888 2337 suppliciis
917 2296 1067 2327 deorum
1095 2297 1290 2337 magnifici.
1320 2315 1367 2319 —
1394 2298 1492 2329 Seru.
1523 2299 1568 2329 act
1595 2298 1683 2329 Aen.

196 2355 217 2385 I
244 2355 310 2393 632
338 2355 474 2386 'indicit
500 2355 672 2386 lionorenz'
699 2373 746 2378 ——
769 2374 816 2377 —
840 2357 930 2386 unde
956 2360 986 2387 et
1011 2357 1191 2397 supplicia
1217 2357 1383 2387 dicuntur
1407 2358 1686 2397 supplicationes

195 2431 242 2437 —
259 2432 307 2436 --
342 2432 389 2437 —
408 2415 619 2446 Sallustius:
663 2413 699 2444 111
719 2414 903 2455 suppliciis
925 2414 1075 2445 deorum
1096 2415 1290 2455 magnifici.

294 2599 307 2620 1
340 2599 470 2631 magna
492 2590 713 2631 scriptorum
736 2590 881 2632 ingenia
907 2591 946 2623 Ρ2
1187 2601 1204 2630 3
1232 2592 1407 2633 proximis
1434 2594 1508 2632 (ma
1532 2593 1577 2632 ss)
1608 2592 1684 2625 P²N

463 2648 527 2689 qui
545 2648 660 2681 fecere
687 2648 719 2679 Π
740 2650 796 2690 (ea
815 2651 854 2680 in
874 2653 956 2681 extr.
977 2660 1066 2682 uers.
1089 2651 1230 2682 uidetur
1249 2652 1319 2683 add
1339 2661 1371 2682 m
1392 2660 1412 2682 Ι
1434 2657 1460 2682 P
1496 2661 1530 2681 ss
1552 2659 1606 2681 me
1630 2651 1681 2689 1³¹)

197 2706 261 2748 qui
280 2716 323 2738 ea
341 2706 456 2738 fecere
475 2708 536 2739 rell
727 2720 747 2749 4
774 2711 957 2749 quantum
983 2719 1064 2740 earn
1089 2715 1183 2741 MFn
1233 2719 1293 2751 qu.
1323 2719 1365 2740 ea
1389 2711 1451 2741 rell

195 2767 217 2798 6
243 2765 396 2808 quisque
421 2776 456 2797 ss
484 2771 513 2799 Β
821 2768 842 2797 8
862 2767 978 2798 dicere
998 2771 1035 2799 et
1054 2777 1119 2799 sua
1138 2767 1212 2809 [Pl]
1251 2768 1337 2800 P²P⁴
1373 2768 1490 2799 dicere
1511 2777 1650 2809 suaque
1671 2774 1682 2800 1

422 2834 461 2864 13
500 2834 584 2856 cum
619 2825 786 2857 hostibus
822 2835 856 2856 ss
898 2831 931 2857 K
1132 2835 1172 2865 14
1211 2827 1362 2857 deorum
1398 2836 1432 2857 ss
1463 2831 1526 2858 DF
1563 2836 1617 2857 oni
1645 2832 1682 2860 Μ
