2028 3261
301 205 355 258 48
799 213 837 243 e.
878 213 1098 246 sALLvsn
1137 213 1288 244 eR1sP1

303 322 484 369 fecerat,
515 335 661 373 neque
689 335 744 361 ex
773 320 931 361 castris
960 319 1179 361 Catilinae
1208 319 1449 372 quisquam
1477 321 1680 361 omnium
1707 321 1794 362 dis-

303 397 509 433 cesserat:
538 396 671 432 tanta
695 391 764 431 uis
788 390 933 431 morbi
959 396 1098 442 atque
1122 390 1190 430 uti
1214 390 1344 430 tabes
1368 390 1604 442 plerosque
1628 391 1796 432 ciuium

229 473 275 511 :37
304 463 478 504 animos
517 462 760 502 inuaserat.
833 475 979 514 neque
1020 462 1166 501 solum
1205 460 1291 501 illis
1331 459 1477 500 aliena
1517 474 1643 501 mens
1682 467 1793 511 erat,

305 534 380 586 qui
412 533 575 573 conscii
607 532 931 573 coniurationis
960 531 1155 578 fuerant,
1189 530 1267 571 sed
1315 530 1500 571 omnino
1520 536 1685 572 cuncta
1705 533 1796 585 ple-

303 605 382 645 bes
422 617 646 644 nouarum
687 617 836 644 reruni
877 603 1029 643 studio
1071 601 1291 643 Catilinae
1331 601 1513 654 incepta
1553 601 1794 654 probabat.
1817 611 1841 654 5

255 687 278 716 2
301 675 347 715 id
376 675 488 714 adeo
516 687 638 714 more
665 688 746 714 suo
772 674 1016 714 uidebatur
1043 673 1200 713 facere.
1230 686 1337 712 nam
1365 685 1539 724 semper
1565 671 1612 712 in
1638 672 1796 713 ciuita-

254 757 279 797 3
302 751 347 785 te
382 745 546 796 quibus
580 758 686 797 opes
718 745 868 784 nullae
901 749 1007 784 sunt
1041 743 1171 784 bonis
1203 743 1424 790 inuident,
1478 742 1621 783 malos
1654 743 1796 784 extol-

302 816 415 862 lunt,
458 820 614 854 uetera
654 815 799 862 odere,
841 828 962 855 noua
1001 819 1238 867 exoptant,
1281 814 1384 854 odio
1424 827 1609 854 suarum
1648 826 1798 854 rerum

302 885 469 926 mutari
499 884 651 925 omnia
678 885 879 932 student,
910 884 1047 925 turba
1075 890 1213 936 atque
1241 884 1540 925 seditionibus
1567 884 1661 924 sine
1689 897 1798 925 cura

253 968 280 1009 4
303 957 498 1003 aluntur,
525 955 740 1008 quoniam
768 960 943 1007 egestas
971 954 1101 995 facile
1128 955 1323 995 habetur
1351 954 1445 994 sine
1473 954 1653 995 damno.
1715 954 1792 995 sed
1814 965 1868 994 10

302 1027 477 1068 urbana
501 1026 667 1079 plebes,
711 1040 763 1067 ea
803 1039 911 1067 uero
951 1039 1166 1078 praeceps
1206 1030 1304 1065 erat
1345 1025 1400 1065 de
1439 1025 1595 1065 multis
1635 1024 1794 1066 causis.

255 1108 278 1149 5
301 1097 499 1151 primum
528 1097 731 1137 omnium
760 1097 835 1149 qui
864 1096 1033 1149 ubique
1060 1096 1226 1149 probro
1255 1100 1393 1147 atque
1420 1095 1677 1148 petulantia
1704 1109 1797 1136 ma-

301 1182 438 1209 xume
493 1168 805 1220 praestabant,
852 1167 962 1207 item
1008 1167 1080 1207 alii
1125 1181 1203 1220 per
1248 1166 1469 1206 dedecora
1511 1165 1798 1218 patrimoniis

304 1238 490 1285 amissis,
555 1243 786 1291 postremo
848 1252 1003 1279 omnes
1053 1251 1166 1290 quos
1215 1236 1442 1289 flagitium
1493 1241 1574 1276 aut
1623 1235 1798 1277 facinus

399 1367 428 1388 2.
484 1357 576 1388 fest.
621 1359 671 1388 ed.
720 1358 879 1388 leeurefc
911 1359 949 1387 cle
980 1358 1096 1387 Ponor
1126 1361 1149 1397 s>
1179 1365 1245 1395 542
1278 1355 1409 1387 ’tabem'
1439 1366 1527 1393 eam,
1558 1365 1644 1395 quae
1674 1355 1798 1393 jaceret

303 1418 482 1451 tabescere.
515 1418 614 1456 apud
644 1418 804 1457 antiquos
839 1420 1043 1457 usurpatam
1076 1416 1269 1446 Sallustius
1299 1425 1429 1455 quoque
1459 1416 1660 1455 frequenter,
1692 1418 1730 1444 ut
1759 1414 1798 1444 in

303 1477 473 1514 Catilina,
499 1486 575 1506 cum
601 1477 669 1506 alt:
694 1476 748 1506 uti
772 1476 876 1506 tabes
899 1476 1089 1516 plerosque
1114 1474 1249 1504 ciuium
1273 1473 1414 1504 animos
1436 1474 1632 1504 inuaserat.

397 1544 426 1574 7.
480 1535 571 1564 Don.
601 1536 645 1565 acl
672 1535 775 1565 Phor.
805 1535 848 1564 II
876 1544 943 1576 341
975 1534 1067 1564 'uide
1095 1534 1250 1564 auaritia
1279 1533 1364 1573 qnid
1389 1533 1485 1570 ¹facit’
1514 1533 1594 1563 llaec
1609 1541 1798 1563 conuersus

302 1596 347 1625 acl
374 1595 543 1624 circulum
571 1598 600 1624 ct
628 1604 787 1624 soronam
816 1594 1118 1624 [lm-musta›ztz'um
1146 1593 1369 1633 conqueritur
1394 1596 1423 1622 et
1449 1593 1552 1622 dicit:
1577 1591 1678 1622 ‘nulla
1703 1592 1798 1621 enim

303 1665 334 1684 re
367 1654 479 1693 magis
511 1654 665 1694 populus
697 1654 899 1690 concitatur,
932 1663 1036 1692 quam
1068 1654 1099 1682 52?
1130 1653 1208 1692 (luis
1240 1660 1381 1692 egenum
1415 1655 1618 1682 contemnat.
1657 1650 1738 1680 inde
1768 1654 1798 1682 et

302 1714 512 1744 Sallustius:
536 1712 641 1742 bonis
665 1711 831 1742 inuident
857 1716 892 1756 et
918 1712 1032 1742 malos
1056 1711 1248 1747 extollunt,
1288 1705 1362 1745 <t>
1402 1714 1512 1750 atque
1536 1710 1598 1741 sed
1622 1712 1689 1739 ete.

399 1781 449 1801 10.
490 1772 620 1802 fronto
652 1771 880 1810 (HaulerRh.
899 1771 951 1801 JI.
970 1775 1050 1811 542>
1066 1771 1143 1809 1651)
1170 1770 1343 1810 quoniam
1366 1773 1506 1810 egestas
1526 1768 1631 1800 facile
1660 1762 1798 1803 <si>ne

302 1831 436 1861 damno
467 1831 633 1861 habetur.
663 1848 710 1852 —
763 1830 806 1868 Cf
834 1830 968 1870 Exsztp.
1000 1838 1068 1871 212
1098 1829 1183 1870 quia
1212 1834 1352 1870 egestas
1380 1828 1479 1859 haud
1506 1829 1612 1859 facile
1639 1829 1796 1861 habetur

300 1891 375 1921 sine
402 1889 547 1921 damno.

397 1959 450 1980 12.
497 1950 604 1979 Arzts.
636 1949 708 1978 ΓΙ]
731 1952 754 1988 p
777 1948 844 1987 498
865 1948 911 1978 Ix'.
938 1947 1131 1988 'praestans
1155 1948 1238 1987 illo',
1263 1949 1335 1979 Sal.
1361 1949 1487 1979 Catil„-
1532 1948 1664 1988 probro
1686 1952 1798 1989 atque

302 2008 510 2049 petulantia
535 2007 695 2037 maxime
721 2007 971 2048 praestabant.

398 2077 449 2106 13.
500 2067 638 2097 Sacerci.
683 2066 734 2096 I'I
757 2070 781 2106 p
806 2066 872 2104 446
896 2066 942 2096 Κ.
968 2067 1126 2097 causales
1151 2067 1283 2106 usgintz'
1305 2070 1334 2097 et
1358 2076 1416 2097 sex
1437 2084 1484 2088 —
1504 2084 1551 2088 —
1571 2084 1619 2088 —-
1639 2084 1688 2088 —
1709 2065 1799 2096 item

302 2126 362 2157 alii
388 2136 451 2167 per
477 2125 655 2156 dedecora
681 2124 913 2166 patrimoniis
939 2125 1090 2156 arnissis.

397 2276 411 2297 1
454 2244 681 2311 patefgcerat
715 2271 743 2296 B
1083 2274 1101 2295 2
1136 2260 1382 2311 discesseras't
1411 2266 1447 2305 (n
1465 2264 1552 2303 eras)
1580 2269 1608 2295 N
1627 2263 1797 2295 discesse-

299 2325 373 2356 rint
407 2326 458 2357 Μ2
651 2330 758 2355 tanta
776 2324 832 2355 uis
848 2342 895 2346 —
913 2324 1101 2356 inuaserat
1135 2334 1189 2355 om
1207 2329 1218 2355 l
1458 2327 1568 2363 atque
1587 2322 1650 2352 ubi
1671 2324 1797 2364 (atque

301 2384 356 2414 uti
388 2393 443 2415 me
480 2385 574 2415 sicut
605 2386 652 2423 ss)
685 2385 724 2415 Ρ1
754 2387 867 2424 atque
886 2383 942 2414 uti
965 2379 1032 2430 ΙΙΙΙΙ
1059 2385 1129 2423 (ras
1151 2383 1169 2413 6
1188 2384 1252 2413 litt.
1274 2384 1311 2413 in
1332 2386 1373 2412 ut
1392 2383 1640 2420 desinentium,
1665 2381 1793 2423 sicut?)

302 2438 349 2475 P2
375 2448 486 2484 atque
509 2453 585 2474 eras
631 2456 649 2475 e
842 2443 947 2474 tabes
971 2453 1025 2473 om
1072 2442 1112 2473 Ρ2
1304 2453 1323 2481 4
1353 2441 1416 2482 qui
1444 2441 1639 2471 conscii—
1662 2445 1797 2472 cuncta

301 2503 403 2543 plebs
431 2504 467 2533 in
497 2513 553 2543 mg
581 2512 636 2532 mr
663 2507 674 2533 1
898 2501 1000 2543 plebs
1031 2506 1104 2533 NH
1135 2501 1198 2540 (sic
1226 2502 1372 2541 semper)
1405 2512 1428 2531 n
1667 2509 1685 2538 5
1715 2510 1796 2541 pro-

301 2557 447 2607 babalflt
479 2563 515 2601 (n
543 2562 630 2600 eras)
665 2566 692 2592 P
917 2563 936 2591 6
955 2560 992 2591 id
1022 2559 1067 2591 ad
1096 2559 1398 2590 confirmatiuum
1426 2559 1485 2590 hic
1514 2569 1556 2590 eo
1588 2558 1796 2599 (confirma-

302 2619 422 2650 tiuum
451 2620 509 2651 hic
538 2621 633 2651 linea
662 2621 834 2651 subtracta
865 2620 929 2658 del)
962 2625 973 2651 l
1190 2618 1228 2649 id
1255 2618 1299 2649 de
1320 2629 1419 2649 more
1457 2631 1472 2649 s
1693 2617 1793 2649 uide-

302 2679 412 2709 batur
433 2689 531 2709 more
552 2689 617 2709 suo
637 2679 735 2711 Bl²ne
755 2678 829 2709 uid,
853 2688 918 2709 suo
939 2688 1038 2709 more
1060 2683 1125 2710 Tm
1299 2678 1318 2707 S
1337 2681 1464 2708 uetera
1482 2687 1523 2708 ex
1541 2687 1593 2707 -re
1614 2676 1653 2708 Ρ1

301 2747 321 2774 9
342 2737 465 2768 omnia
484 2737 620 2769 mutari
654 2738 822 2769 31²Tnme
970 2746 1006 2768 11
1031 2736 1148 2767 causis
1175 2736 1302 2767 multis
1331 2738 1433 2777 (sign.
1460 2736 1609 2776 transp.)
1637 2740 1649 2767 l

305 2806 345 2836 13
372 2798 585 2837 praestabat
612 2796 790 2829 HNKlsm
815 2797 1057 2837 praestabant
1084 2789 1334 2837 [P1]EF'[s]ne
1503 2794 1562 2825 alii
1584 2803 1646 2835 per
1669 2794 1709 2826 Ρι
1732 2793 1795 2835 qui

302 2856 348 2895 ss)
374 2861 471 2887 Mine
494 2856 553 2886 alii
575 2844 638 2896 qui
660 2866 722 2897 per
744 2857 804 2886 rell
829 2855 975 2896 (aliique
997 2865 1060 2896 per
1094 2855 1132 2894 F)
1367 2864 1407 2894 14
1441 2858 1552 2894 atque
1583 2853 1726 2884 facinus
1756 2865 1794 2884 m
