2028 3261
279 215 306 254 4
689 217 701 227 ·
791 211 829 241 C.
860 210 1079 243 SALLVSTI
1107 211 1257 242 CRISPI

232 333 255 362 2
281 320 406 359 bant.
443 324 602 371 postea
632 331 739 358 uero
772 330 909 370 quam
940 318 986 357 in
1016 317 1124 358 Asia
1156 317 1310 369 Cyrus,
1344 318 1390 358 in
1421 320 1608 361 Graecia
1637 323 1772 365 Lace-

282 389 508 430 daemonii
553 395 599 429 et
644 389 942 429 Athenienses
987 401 1171 441 coepere
1216 388 1339 428 urbis
1385 394 1522 441 atque
1567 391 1773 433 nationes

280 460 497 513 subigere,
558 459 808 500 lubidinem
866 458 1130 499 dominandi
1189 472 1374 499 causam
1432 459 1534 500 belli
1593 461 1769 509 habere,

280 544 545 572 maxumam
580 530 767 582 gloriam
801 530 846 569 in
882 543 1098 570 maxumo
1132 529 1320 582 imperio
1354 535 1528 581 putare,
1565 536 1665 571 tum
1699 532 1772 573 de-

279 615 404 642 mum
425 601 623 654 periculo
644 606 781 652 atque
803 599 994 652 negotiis
1014 606 1281 652 conpertum
1310 605 1378 640 est
1409 599 1454 640 in
1474 600 1589 641 bello
1622 601 1772 654 pluru-
1793 611 1816 653 5

229 687 254 727 3
279 686 404 712 mum
433 671 663 723 ingenium
692 684 834 724 posse.
879 671 1001 722 quod
1030 671 1064 711 si
1095 684 1250 722 regum
1280 676 1417 722 atque
1447 670 1773 723 imperatorum

280 742 417 783 animi
452 742 599 781 uirtus
632 741 677 781 in
712 755 822 794 pace
857 741 922 781 ita
955 747 1007 781 ut
1041 741 1087 780 in
1121 741 1237 781 bello
1271 742 1454 787 ualeret,
1493 742 1773 794 aequabilius

279 818 418 865 atque
455 811 741 852 constantius
778 825 871 851 sese
907 825 976 851 res
1012 811 1238 851 humanae
1274 811 1506 859 haberent,
1545 826 1691 865 neque
1727 827 1771 854 a-

278 884 373 924 liud
412 882 498 923 alio
535 881 638 922 ferri
676 896 822 934 neque
861 881 1027 921 mutari
1067 895 1118 921 ac
1156 881 1329 921 misceri
1367 882 1519 922 omnia
1555 897 1768 924 cerneres.

228 970 255 1010 4
278 968 385 995 nam
422 952 662 1006 imperium
700 952 829 992 facile
866 951 919 992 iis
957 951 1130 991 artibus
1167 951 1399 999 retinetur,
1441 953 1605 1005 quibus
1641 954 1771 995 initio
1788 964 1840 993 10

230 1039 253 1080 5
278 1031 462 1078 partum
491 1030 571 1064 est.
632 1037 791 1063 uerum
820 1022 896 1063 ubi
925 1036 1006 1075 pro
1034 1022 1186 1062 labore
1215 1021 1398 1069 desidia,
1429 1037 1510 1075 pro
1538 1024 1770 1064 continen-

278 1096 344 1136 tia
382 1101 427 1136 et
465 1094 697 1146 aequitate
734 1093 890 1134 lubido
929 1098 1066 1145 atque
1104 1092 1551 1145 superbiainuasere,
1587 1094 1771 1135 fortuna

228 1165 411 1207 6simul
457 1179 561 1206 cum
607 1164 808 1204 moribus
853 1163 1121 1204 inmutatus.
1200 1163 1265 1203 ita
1312 1163 1551 1216 imperium
1597 1178 1771 1218 semper

278 1238 335 1278 ad
381 1242 623 1289 optumum
669 1248 894 1287 quemque
940 1248 965 1274 a
1010 1234 1158 1274 minus
1202 1234 1322 1274 bono
1366 1233 1650 1275 transfertur.

228 1319 253 1359 7
370 1308 496 1359 Quae
566 1305 771 1346 homines
831 1310 974 1352 arant,
1036 1304 1269 1356 nauigant,
1313 1304 1570 1350 aedificant,
1611 1305 1838 1357 uirtuti15

227 1377 253 1418 8
279 1377 431 1419 omnia
468 1382 643 1430 parent.
713 1376 790 1416 sed
829 1375 960 1416 multi
999 1375 1225 1422 mortales,
1266 1375 1406 1415 dediti
1445 1375 1593 1415 uentri
1632 1381 1771 1428 atque

368 1508 399 1536 4.
456 1496 549 1526 Xon.
582 1499 605 1535 p
647 1494 761 1536 36.,1.1τ
803 1495 856 1524 JI.
902 1495 1120 1535 ’periculum'
1151 1496 1423 1535 experimentum
1454 1513 1502 1516 —
1540 1513 1596 1525 —.
1653 1495 1770 1525 Sallu-

273 1557 361 1586 stius
387 1556 422 1585 in
447 1555 625 1585 Catilinae
648 1554 764 1585 Bello:
787 1558 875 1583 tunc
896 1563 982 1583 uero
1006 1553 1163 1594 periculo
1187 1558 1297 1594 atque
1320 1553 1474 1593 negotiis
1505 1558 1767 1594 conpertuxnst.

367 1624 399 1650 9.
446 1614 489 1651 Cf
516 1614 616 1653 Sulp.
639 1613 718 1644 Seu.
740 1613 855 1643 chron.
878 1613 921 1642 II
942 1622 1018 1653 §La
1039 1622 1121 1642 cuni
1139 1631 1186 1634 ——
1202 1631 1249 1634 —
1268 1612 1390 1643 onmia
1410 1612 1550 1642 turbari
1569 1622 1610 1643 ac
1630 1612 1770 1643 misceri

273 1677 516 1704 cernerentur⁴

371 1741 422 1762 12.
467 1732 561 1762 Non.
583 1735 605 1771 p
626 1730 741 1770 526..26
764 1731 816 1760 JI.
838 1731 1055 1771 omnipotens
1075 1731 1216 1768 fortuna
1235 1741 1305 1761 esse
1319 1731 1456 1767 clessam
1474 1731 1563 1770 quod
1578 1731 1768 1761 Sallustius

271 1792 379 1822 mire:
403 1791 551 1821 fortuna
576 1790 684 1820 simul
708 1799 791 1819 cuni
814 1789 976 1819 moribus
998 1789 1217 1821 inmutatur.

371 1852 423 1880 16.
478 1850 590 1879 Prisc.
622 1849 688 1879 III
716 1852 739 1889 p
769 1857 835 1886 233
863 1849 908 1879 K.
939 1849 1133 1879 Sallustius
1161 1859 1292 1890 quoque
1320 1850 1379 1879 hoc
1407 1848 1604 1888 comprobat
1631 1849 1768 1878 disens:

272 1908 336 1940 sed
362 1908 469 1939 multi
494 1908 666 1938 mortales
691 1906 805 1937 dediti
830 1907 949 1938 uentri
974 1912 1085 1948 atque
1109 1918 1236 1938 somno
1261 1907 1399 1938 indocti
1424 1906 1624 1946 incultique
1648 1906 1768 1937 uitam

272 1968 381 1999 sicuti
400 1967 671 2008 peregrinantes
691 1966 933 1997 transiere.—-
949 1967 1046 1997 Seru.
1067 1968 1112 1997 ad
1130 1968 1207 1998 Ge0.
1228 1968 1248 1997 I
1267 1976 1287 2005 3
1305 1967 1433 1997 cultum
1453 1967 1507 1996 hic
1526 1966 1766 1997 habitudinem

272 2028 428 2068 corporis
472 2027 654 2066 significat
688 2044 735 2047 —
760 2044 808 2048 —
834 2043 889 2057 ——.
921 2027 1011 2057 alias
1040 2027 1085 2057 ad
1113 2028 1273 2057 animum
1304 2026 1459 2063 refertur,
1490 2029 1525 2056 ut
1555 2026 1766 2056 Sallustius:

271 2085 411 2116 indocti
440 2085 641 2125 incultique
669 2084 789 2114 uitam
817 2084 923 2115 sicuti
953 2085 1223 2126 peregrinantes
1252 2085 1459 2124 transigere.
1491 2085 1588 2115 Idem
1606 2085 1651 2115 acl
1674 2086 1763 2116 Aen.

278 2145 376 2175 I'III
405 2144 471 2183 316
501 2144 619 2184 'neque
647 2145 758 2174 cultus
786 2144 868 2174 erat'
897 2162 944 2166 --
969 2163 1024 2175 --.
1055 2145 1121 2175 alii
1148 2145 1193 2175 acl
1220 2145 1381 2175 animum
1410 2144 1571 2181 referunt,
1595 2147 1630 2174 ul
1648 2144 1765 2174 Sallu-

271 2206 380 2234 stius:
429 2202 567 2233 indocti
592 2202 805 2243 incultique.

369 2331 381 2352 1
407 2325 490 2362 post
512 2330 597 2350 uero
621 2325 654 2351 Κ
787 2345 791 2347 .
907 2330 924 2351 2
949 2326 1059 2361 atque
1080 2331 1156 2352 eras
1182 2327 1208 2351 B
1410 2330 1427 2359 3
1446 2319 1594 2350 libidine
1621 2325 1690 2351 HD
1713 2321 1766 2359 (ex

270 2382 382 2421 -nem)
406 2394 420 2411 s
628 2379 761 2409 habere
781 2383 816 2410 et
855 2380 894 2411 Ρ2
1113 2391 1130 2420 7
1148 2390 1236 2420 pace
1252 2380 1291 2410 in
1304 2368 1365 2410 *ras
1385 2385 1412 2410 B
1633 2388 1764 2418 aequa-

270 2439 339 2470 lius
358 2446 383 2470 Ρ
404 2440 501 2479 (corr)
523 2438 736 2478 aequalibus
756 2439 793 2469 Ρ1
812 2439 1039 2478 aequabilius
1059 2440 1114 2479 (us
1135 2440 1171 2469 in
1192 2440 1261 2479 ras)
1285 2444 1295 2469 l
1493 2439 1512 2468 8
1536 2437 1764 2468 constantius

271 2500 309 2529 in
327 2509 382 2529 ras
404 2499 447 2529 al.
471 2508 502 2527 m
527 2503 554 2528 Β
746 2497 843 2528 aliud
863 2508 896 2528 55
917 2508 948 2527 m
971 2507 989 2528 2
1013 2504 1038 2529 P
1207 2507 1227 2534 9
1264 2497 1342 2527 fieri
1362 2503 1371 2528 l
1544 2506 1585 2527 10
1607 2505 1764 2536 uanique

270 2558 352 2588 1312'1*
389 2567 458 2597 qne
478 2557 547 2587 add
566 2568 601 2586 m
785 2557 888 2587 initio
908 2561 975 2597 sup
995 2557 1173 2587 retinetur
1200 2567 1253 2587 scr
1283 2562 1309 2587 P
1337 2555 1382 2586 ab
1410 2555 1514 2586 initio
1543 2555 1624 2586 31²1*

432 2611 463 2636 bi

276 2660 314 2681 12
352 2651 576 2691 aequalitate
617 2651 818 2690 (aequitate
855 2654 900 2691 ss)
947 2657 977 2682 D
1011 2650 1235 2691 aequalitate
1266 2656 1301 2681 M
1333 2648 1596 2689 aequabilitate
1628 2649 1678 2680 31²
1712 2649 1766 2688 (ex

271 2710 471 2750 aequitate)
500 2715 526 2741 F
701 2720 739 2748 13
764 2721 846 2741 cuin
874 2707 1038 2756 moribus
1060 2712 1109 2749 (111
1126 2711 1214 2749 eras)
1243 2716 1267 2740 Β
1287 2719 1370 2739 cum
1388 2708 1549 2750 moribus
1566 2708 1674 2739 simul
1695 2713 1763 2738 HD

270 2769 379 2799 simul
397 2779 430 2800 ss
450 2775 486 2801 M
680 2779 719 2809 14
741 2770 960 2800 transfertur
981 2778 1021 2799 ex
1042 2768 1312 2799 transferuntur
1335 2768 1373 2799 Pl
1542 2777 1582 2806 15
1605 2766 1667 2807 qui
1687 2776 1763 2797 om-

271 2837 333 2858 nes
356 2840 377 2858 n
641 2838 765 2859 onmes
787 2829 940 2869 plerique
962 2829 1048 2858 codd
1261 2830 1364 2858 erant
1394 2826 1433 2857 Ρι
1464 2827 1562 2866 (corr)
1597 2831 1625 2857 N
1654 2826 1688 2864 (a
1714 2827 1759 2865 ss)

428 2890 467 2917 16
496 2862 628 2932 para-,nt
660 2893 689 2919 N
926 2891 1053 2917 uentre
1083 2892 1109 2918 P
1139 2887 1236 2926 (corr)
