2028 3261
333 244 359 284 8
828 251 866 282 0.
901 251 1122 285 SALLvsn
1163 251 1313 283 cmsm

331 359 527 402 hominis
556 358 756 399 moribus
784 370 931 411 pauca
958 356 1081 410 prius
1109 357 1398 410 explananda
1425 363 1545 406 sunt,
1578 372 1716 410 quam
1743 360 1825 401 ini—

333 431 452 475 tium
484 428 698 470 narrandi
733 427 911 469 faciam.

281 512 307 549 5
426 503 474 546 L.
505 499 712 547 Catilina,
741 498 881 540 nobili
908 512 1067 550 genere
1087 502 1237 545 natus,
1261 497 1349 538 fuit
1370 511 1535 550 inagna
1555 499 1600 539 ui
1621 505 1666 540 et
1688 501 1825 542 animi

280 583 308 613 2
332 578 378 614 et
408 570 618 625 corporis,
652 570 730 612 sed
760 568 938 621 ingenio
969 568 1089 609 malo
1119 581 1365 622 prauoque.
1428 568 1533 609 huic
1564 569 1621 610 ab
1653 571 1826 612 adules-

332 642 481 685 centia
526 641 643 682 bella
689 639 919 687 intestina,
969 639 1140 687 caedes,
1189 639 1387 692 rapinae,
1436 639 1659 681 discordia
1684 640 1871 694 ciuilis5

280 725 309 766 3
332 718 463 767 grata
503 711 639 759 fuere,
682 710 835 764 ibique
876 710 1165 751 iuuentutem
1206 723 1335 750 suain
1377 709 1590 750 exercuit.
1665 724 1827 765 corpus

332 783 510 838 patiens
537 781 725 829 inediae,
756 780 930 832 algoris,
960 780 1139 833 uigiliae
1166 794 1302 833 supra
1330 793 1468 833 quam
1495 780 1708 833 cuiquam
1736 795 1825 823 cre-

277 867 309 908 4
332 854 467 895 dibile
519 857 599 894 est.
687 850 866 892 animus
917 851 1082 898 audax,
1136 851 1367 899 subdolus,
1403 851 1568 899 uarius,
1605 851 1732 893 cuius
1765 851 1826 894 rei

332 925 459 966 lubet
490 922 727 964 simulator
758 934 810 962 ac
841 920 1161 969 dissimulator,
1196 920 1328 962 alieni
1360 922 1592 975 adpetens,
1626 921 1693 963 sui
1725 936 1826 976 pro-

429 1051 458 1073 1.
509 1042 553 1080 Cf
577 1042 678 1082 Sulp.
705 1040 787 1071 Seu.
813 1041 930 1071 chron.
956 1039 976 1070 I
1001 1048 1052 1080 1.6
1077 1049 1173 1069 1111110
1196 1039 1345 1070 initium
1367 1039 1540 1071 narrandi
1563 1040 1707 1072 faciam.

427 1110 459 1141 3.
505 1101 599 1132 Non.
634 1104 658 1141 j)
691 1108 808 1142 351.18
829 1100 884 1130 M.
910 1098 1045 1129 'nobile'
1067 1099 1113 1130 ad
1131 1099 1335 1139 dignitatem
1355 1099 1489 1140 generis
1510 1099 1663 1138 refertur.
1710 1100 1826 1132 Sallu-

329 1162 440 1193 stius:
482 1160 616 1193 Lucius
634 1158 791 1190 Catilina
809 1158 922 1189 nobili
939 1167 1067 1198 genere
1085 1160 1194 1188 natus
1212 1157 1293 1188 fuit.
1312 1175 1359 1180 —
1376 1158 1420 1196 Cf
1436 1158 1556 1189 Aurel.
1583 1159 1667 1190 Vict.
1687 1160 1756 1191 uir.
1775 1160 1826 1191 ill.

332 1220 376 1261 76
395 1218 641 1256 Mithridates,
661 1228 725 1249 rex
744 1217 864 1257 Ponti,
883 1236 929 1240 —
950 1235 998 1240 -—
1020 1226 1153 1257 magna
1172 1216 1208 1247 111
1228 1216 1340 1248 animi
1359 1220 1394 1247 et
1414 1217 1582 1259 corporis.

426 1290 458 1318 4.
503 1278 548 1316 Cf
566 1278 666 1319 Sulp.
689 1277 770 1309 Seu.
791 1277 905 1308 chron.
928 1276 971 1307 II
991 1285 1065 1317 455
1084 1275 1140 1306 uir
1163 1278 1199 1306 et
1219 1293 1266 1298 —
1288 1293 1335 1298 -—
1361 1276 1505 1316 ingenio
1516 1277 1611 1308 malo
1627 1286 1825 1319 prauoque.

426 1339 457 1369 6.
505 1337 599 1368 Non.
623 1341 647 1378 p
669 1346 783 1379 433.17
806 1337 860 1367 M.
886 1335 1077 1367 'iuuentus'
1099 1338 1128 1366 et
1152 1334 1321 1366 ’iuuenta'
1343 1338 1373 1366 et
1399 1335 1632 1367 ’iuuenilitas'
1657 1337 1828 1376 differunt

330 1398 406 1428 hoc.
431 1414 478 1420 ·—
499 1413 547 1418 -
567 1413 624 1427 —.
687 1396 880 1427 Sallustius
904 1396 943 1426 in
981 1395 1159 1426 Catilinae
1183 1394 1299 1425 Bello:
1323 1394 1445 1435 ibique
1469 1394 1702 1426 iuuentutem
1723 1405 1829 1427 suam

331 1455 511 1487 exercuit.

426 1525 458 1556 7.
505 1515 698 1555 Augustin.
724 1518 777 1555 ep.
806 1514 902 1554 167.7
927 1513 1097 1551 Catilina,
1123 1516 1160 1543 ut
1182 1513 1222 1544 de
1246 1513 1306 1543 illo
1328 1513 1544 1553 scripserunt
1561 1514 1623 1554 qui
1644 1523 1744 1545 nosse
1767 1518 1826 1555 po-

330 1578 484 1614 tuerunt,
512 1575 624 1615 frigus
652 1574 747 1604 sitim
775 1573 904 1612 famem
931 1572 1017 1610 ferre
1045 1575 1175 1613 poterat
1201 1575 1337 1613 eratque
1366 1571 1508 1613 patiens
1534 1571 1675 1604 inediae
1699 1573 1828 1613 algoris

330 1632 478 1675 uigiliae
501 1642 612 1674 supra
636 1642 748 1674 quam
773 1632 945 1673 cuiquam
969 1630 1138 1662 credibile
1162 1633 1226 1661 est.

427 1694 456 1725 8.
510 1694 603 1724 Non.
633 1696 656 1733 p
684 1700 800 1733 439.24
828 1691 882 1722 Μ.
914 1689 1105 1721 'simulare'
1132 1694 1162 1721 et
1191 1689 1440 1721 ’dissimulare'
1478 1708 1526 1712 -—
1548 1708 1596 1713 —-
1633 1691 1826 1723 Sallustius

330 1753 370 1784 in
393 1753 573 1784 Catilinae
593 1751 709 1782 Bello:
730 1750 832 1781 cuius
852 1749 902 1780 rei
922 1749 1011 1780 libet
1031 1749 1222 1780 simulator
1243 1759 1285 1780 ac
1305 1749 1563 1781 dissimulator.
1584 1768 1632 1772 --
1652 1750 1697 1789 Cf
1716 1750 1825 1782 Pseu-

332 1812 455 1843 dosall.
485 1816 538 1853 ep.
568 1810 612 1841 II
642 1819 691 1852 1.⁴
719 1809 850 1851 quoius
876 1808 927 1840 rei
953 1809 1065 1839 lubet.

426 1881 458 1909 9.
506 1871 636 1902 Fronto
667 1870 718 1901 ed.
751 1869 843 1900 Nab.
876 1872 901 1909 p
936 1877 1002 1909 107
1035 1868 1245 1899 Sallustium
1268 1868 1445 1898 antithetis
1467 1867 1603 1899 honeste
1624 1870 1827 1910 compositis

333 1940 457 1961 usum:
508 1929 615 1961 alieni
642 1927 830 1970 adpetens,
859 1927 915 1958 sui
941 1927 1120 1969 profusus;
1149 1926 1239 1958 satis
1266 1926 1508 1967 eloquentiae,
1536 1926 1738 1968 sapientiae
1764 1938 1826 1970 pa-

331 2000 424 2027 rum;
455 1989 707 2031 paronomasia
733 1989 838 2019 etiam
865 1997 936 2018 non
963 1987 1115 2018 absurda
1142 1996 1203 2017 nec
1230 1986 1361 2025 friuola
1388 1987 1447 2017 sed
1473 1986 1579 2026 proba
1605 1990 1636 2018 et
1661 1988 1827 2029 eleganti:

332 2049 525 2080 simulator
552 2058 593 2078 ac
620 2046 877 2078 dissimulator.
906 2065 953 2068 —
979 2046 1076 2076 Seru.
1106 2047 1152 2077 ad
1176 2046 1265 2076 Aen.
1295 2045 1316 2076 I
1344 2045 1410 2084 516
1439 2044 1694 2086 'dissimulant'
1722 2047 1826 2078 dissi-

333 2109 512 2140 mulamus
561 2110 654 2145 nota,
705 2107 918 2138 simulamus
965 2105 1094 2146 ignota,
1134 2108 1170 2136 ut
1207 2105 1417 2136 Sallustius:
1488 2103 1680 2135 simulator
1699 2115 1740 2136 ac
1757 2105 1826 2137 dis-

333 2167 536 2198 simulator.

427 2226 558 2257 Fronto
590 2225 671 2256 uide
702 2227 822 2265 supra.
866 2242 914 2247 ——-
956 2223 1096 2254 Cledon.
1136 2223 1165 2253 V
1194 2227 1218 2264 p
1238 2231 1280 2263 72
1300 2223 1346 2253 K.
1370 2222 1505 2255 'amans
1523 2221 1679 2263 sapiens’
1697 2227 1727 2254 et
1745 2226 1826 2255 cete-

332 2295 373 2317 ra
392 2285 531 2326 quando
549 2288 801 2325 comparantur
818 2287 848 2315 et
867 2282 1034 2314 aa'uerbia
1053 2283 1190 2320 faciunt
1208 2285 1238 2313 et
1255 2283 1413 2322 genetiuo
1431 2282 1532 2314 casui
1550 2283 1821 2323 coniunguntur,

332 2345 482 2375 nomina
509 2347 601 2381 sunt,
644 2344 734 2374 unde
763 2343 973 2374 Sallustius:
1001 2340 1107 2372 alieni
1135 2343 1321 2383 appetens,
1349 2340 1405 2372 sui
1431 2341 1610 2382 profusus.
1638 2359 1686 2365 --
1710 2341 1822 2373 Prisc.

333 2403 401 2434 III
423 2407 446 2443 p
471 2411 537 2443 217
560 2403 607 2434 K.
634 2402 770 2435 'amans
794 2401 904 2433 illius'
926 2419 973 2424 —
993 2418 1040 2423 --
1059 2419 1116 2432 —.
1165 2401 1357 2432 Sallustius
1379 2402 1418 2431 in
1442 2401 1673 2432 Catilinario:
1719 2399 1826 2432 alieni

334 2465 523 2504 appetenS,
551 2461 606 2493 sui
631 2462 811 2503 profusus.
837 2479 885 2485 -—-
910 2461 955 2499 Cf
979 2461 1070 2492 Dici.
1099 2460 1157 2491 IV
1182 2468 1224 2491 22
1251 2469 1403 2502 parcum
1426 2459 1464 2490 111
1489 2469 1553 2490 5110
1579 2462 1691 2500 atque
1717 2468 1825 2501 appe-

335 2524 477 2552 tentem
504 2521 621 2552 alieni.

433 2647 446 2670 1
476 2638 523 2669 da
547 2656 595 2661 —
618 2637 752 2669 faciam
776 2639 815 2669 in
841 2646 898 2669 ras
923 2637 961 2669 Ρι
1175 2639 1251 2677 post
1272 2637 1358 2666 suut
1378 2644 1436 2666 ras
1476 2643 1517 2665 12
1539 2635 1603 2666 litt.
1626 2641 1636 2666 1

337 2708 355 2737 3
378 2697 511 2731 Lucius
531 2715 578 2721 —-
597 2706 785 2738 prauoque
805 2698 845 2727 in
866 2705 921 2735 mg
946 2695 985 2728 1?l
1171 2706 1190 2736 4
1212 2703 1399 2736 prauoque
1421 2694 1490 2725 add
1511 2704 1545 2724 m
1566 2702 1585 2724 2
1610 2699 1637 2725 P

337 2766 356 2797 7
378 2757 551 2798 cuiquam
571 2765 647 2787 eras
690 2755 729 2787 P1
752 2765 807 2786 om
830 2755 870 2787 P²
893 2754 1023 2795 cuique
1047 2759 1077 2787 N
1327 2754 1346 2783 8
1366 2752 1541 2784 subdolus
1560 2752 1683 2783 uarius
1702 2753 1753 2784 bis
1772 2762 1825 2784 scr

334 2817 438 2848 semel
456 2816 510 2847 del
531 2821 558 2848 P
873 2813 975 2845 cuius
994 2812 1044 2844 rei
1089 2812 1191 2843 lubet
1236 2811 1414 2844 HNTsme
1471 2811 1572 2842 cuius
1595 2811 1699 2842 lubet
1721 2811 1772 2842 rei
1795 2810 1824 2841 Σ

336 2873 387 2905 Γῃ
431 2874 533 2905 0111115
562 2869 629 2921 ΗΗΙ
660 2873 762 2913 (libet
784 2872 835 2904 rei
858 2872 904 2912 ss)
930 2878 941 2903 l
