2028 3261
584 222 872 251 CONHRATIO
900 223 1151 255 CATILINAE
1183 214 1228 262 [c.
1256 216 1360 264 1-2-2]
1694 227 1718 266 3

231 328 391 379 opibus
413 327 599 379 gloriam
623 341 846 380 quaerere,
875 334 919 369 et
943 330 1155 381 quoniam
1177 333 1275 373 uita
1296 333 1393 386 ipsa
1419 346 1508 385 qua
1530 331 1720 372 fruimur

230 397 378 438 breuis
415 404 495 444 est,
535 399 798 439 memoriam
834 400 975 440 nostri
1015 413 1152 452 quam
1191 417 1403 443 maxume
1439 404 1620 453 longam
1657 402 1716 442 ef-

230 467 376 508 ficere.
437 482 543 508 nam
573 469 836 510 diuitiarum
866 475 910 509 et
939 469 1110 510 formae
1139 472 1279 522 gloria
1308 472 1435 512 fluxa
1465 479 1603 523 atque
1632 472 1718 512 fra-
1745 484 1770 524 4

230 538 327 591 gilis
369 545 448 586 est,
494 539 638 580 uirtus
680 540 799 580 clara
841 545 1113 592 aeternaque
1154 542 1361 583 habetur.

327 609 414 650 Sed
457 610 531 650 diu
575 623 789 662 magnum
830 609 947 650 inter
989 611 1191 652 mortalis
1218 618 1446 653 certamen
1473 612 1573 659 fuit5
1617 612 1721 652 uine
1746 622 1770 663 5

230 681 426 731 corporis
469 694 525 720 an
567 680 737 720 uirtute
781 679 916 720 animi
960 694 1028 720 res
1071 681 1276 723 militaris
1320 683 1462 735 magis
1504 683 1713 735 procede-

230 757 310 792 ret.
372 765 479 791 nam
509 756 554 791 et
584 750 706 803 prius
738 764 875 802 quam
904 751 1092 804 incipias
1122 754 1341 799 consulto,
1376 759 1421 794 et
1452 753 1529 794 ubi
1561 766 1717 794 consu-
1744 752 1770 793 6

191 834 194 837 ·
231 822 362 863 lueris
394 826 570 861 mature
602 820 725 861 facto
757 835 870 874 opus
902 827 982 862 est.
1046 822 1112 863 ita
1143 828 1389 876 utrumque
1420 838 1499 876 per
1530 837 1575 864 se
1607 823 1719 863 indi-
1746 834 1771 876 7

230 906 336 944 gens
380 892 572 932 alterum
617 891 800 932 alterius
845 893 1011 933 auxilio
1055 899 1167 945 eget.
1243 894 1380 946 igitur
1422 894 1552 935 initio
1596 907 1719 946 reges
1743 903 1768 940 2

161 975 212 1004 10
233 964 354 1014 (nam
381 963 426 1002 in
454 962 583 1003 terris
610 976 775 1003 nomen
802 962 959 1015 imperi
988 963 1033 1004 id
1061 964 1258 1017 primum
1286 964 1388 1015 fuit)
1422 965 1588 1005 diuorsi
1617 978 1721 1017 pars

229 1033 472 1085 ingenium,
511 1033 582 1074 alii
619 1047 780 1086 corpus
815 1034 1099 1081 exercebant;
1137 1034 1275 1075 etiam
1311 1040 1411 1075 tuin
1445 1035 1543 1075 uita
1578 1034 1719 1075 homi-

229 1119 339 1145 num
377 1104 470 1145 sine
507 1104 758 1157 cupiditate
796 1104 1070 1156 agitabatur;
1110 1118 1191 1145 sua
1229 1104 1390 1157 cuique
1428 1105 1537 1145 satis
1574 1105 1719 1158 place-

183 620 205 662 01

325 1233 353 1253 1.
408 1223 573 1253 Victorin.
600 1224 679 1253 uide
703 1227 811 1263 supra
836 1232 898 1257 1.].
1655 1260 1662 1267 ⁸

323 1291 353 1320 5.
407 1282 451 1320 Cf
484 1282 585 1322 Sulp.
628 1282 708 1312 Seu.
748 1282 862 1312 chron.
891 1282 911 1311 I
939 1291 989 1320 54
1018 1291 1101 1311 cum
1128 1286 1237 1313 antea
1265 1283 1406 1313 nullum
1432 1283 1525 1313 inter
1552 1283 1724 1313 mortales

231 1344 414 1372 certamen
451 1340 591 1370 fuisset.

326 1409 355 1439 7.
402 1400 531 1430 Donat.
556 1400 601 1430 ad
621 1400 649 1429 :l
661 1400 734 1429 nclr.
760 1399 803 1429 II
827 1408 896 1433 I.34
924 1399 1104 1430 'iuuenile'
1128 1410 1203 1439 ergo
1226 1402 1368 1441 cogitate
1391 1401 1491 1439 dim,
1526 1404 1600 1441 post
1633 1401 1722 1441 sogi—

230 1460 393 1490 tationem
418 1458 581 1496 'efficite'‚
604 1458 639 1488 id
657 1461 704 1488 est
726 1459 762 1488 in
782 1458 940 1496 effectum
961 1460 1147 1499 perducite.
1194 1460 1404 1490 Sallustz‘us:
1448 1469 1533 1489 nam
1553 1462 1589 1490 et
1609 1459 1722 1500 prius-

232 1517 513 1558 quamincipias
532 1517 698 1547 consulto
719 1521 754 1546 et
773 1527 806 1547 11.
829 1527 856 1547 c,
878 1527 924 1547 111.
946 1517 969 1547 f.
990 1528 1021 1548 ο.
1043 1528 1071 1548 e.
1092 1536 1138 1539 —
1156 1519 1268 1548 Prisc⁴
1291 1519 1356 1549 III
1376 1523 1399 1559 p
1420 1519 1485 1548 226
1505 1519 1551 1549 K.
1573 1519 1724 1549 amatim?

232 1587 362 1617 quoque
381 1586 496 1606 eorum
518 1580 579 1616 pro
601 1576 769 1613 intrudis,
793 1580 826 1606 ut
847 1577 883 1606 in
905 1577 1136 1608 Catz'lz‘narzo:
1179 1587 1264 1607 nam
1284 1581 1319 1607 et
1339 1577 1552 1618 priusquam
1572 1577 1724 1618 incipias

234 1636 410 1669 consulto,
455 1639 491 1665 et
520 1635 582 1665 ubi
612 1635 832 1665 consulueris
861 1638 1003 1666 mature
1032 1636 1130 1667 facto
1160 1646 1251 1677 opus
1280 1640 1334 1667 est
1363 1640 1425 1677 pro
1464 1637 1664 1667 ’consulere'
1693 1640 1723 1667 et

236 1695 381 1733 'facere'.
434 1694 508 1724 Ibd.
541 1698 564 1734 p
595 1694 662 1724 288
693 1694 783 1724 item.

327 1762 359 1789 9.
406 1754 516 1784 Sclzol.
538 1753 660 1783 Horat.
684 1754 729 1784 ad
748 1756 810 1784 art.
832 1757 917 1794 poet.
938 1763 1004 1791 411
1027 1753 1180 1785 'alterius
1200 1755 1249 1784 sic
1270 1765 1300 1785 α.
1323 1754 1370 1795 ρ’
1393 1758 1428 1784 ut
1450 1754 1539 1785 illud
1559 1755 1722 1785 Sallusti·

233 1821 361 1844 anum:
387 1813 478 1842 alter
503 1811 651 1842 alterius
677 1811 801 1842 auxilii
828 1816 918 1852 eget.

326 1872 517 1911 Augustz'n.
542 1872 610 1901 ciu.
634 1871 678 1902 D.
704 1872 771 1902 III
795 1880 837 1901 10
859 1872 944 1911 quid
965 1876 1077 1902 autern
1102 1873 1189 1903 mall
1210 1876 1294 1902 esset
1316 1883 1354 1902 ac
1378 1882 1447 1902 non
1470 1873 1587 1913 potius
1609 1873 1721 1913 pluri-

233 1941 328 1961 mum
352 1931 444 1968 boni,
469 1931 500 1960 si
522 1940 562 1960 ea
583 1933 737 1971 tempora
760 1931 997 1971 perdurarent,
1022 1941 1108 1971 quae
1131 1931 1335 1971 perstrinxit
1353 1931 1557 1968 Sallustius,
1578 1931 1637 1961 ubl
1653 1932 1722 1962 ait:

234 1989 344 2029 igitur
366 1988 469 2019 initio
491 1998 591 2028 reges
615 1990 715 2028 (nam
736 1989 772 2019 in
796 1989 899 2019 terris
921 1999 1053 2020 nomen
1076 1989 1217 2030 imperii
1239 1989 1276 2019 id
1298 1989 1456 2031 primum
1479 1989 1561 2028 fuit)
1589 1989 1722 2020 diuersi

235 2058 318 2090 pars
350 2047 545 2087 ingenium,
581 2047 641 2078 alii
674 2058 803 2089 corpus
836 2049 1064 2084 exercebant
1101 2049 1296 2079 etiamtum
1328 2048 1407 2079 uita
1432 2048 1623 2079 hominum
1646 2049 1722 2079 sine

235 2106 438 2148 cupiditate
460 2106 680 2146 agitabatur,
703 2117 768 2138 sua
790 2107 919 2148 cuique
940 2107 1028 2138 satis
1049 2108 1254 2148 placebant.
1276 2126 1324 2130 —
1344 2108 1485 2139 Cledon.
1515 2109 1542 2138 V
1563 2112 1586 2148 p
1609 2117 1652 2148 74
1672 2108 1719 2138 Κ.

234 2170 315 2197 sunt
340 2167 472 2197 mediae
498 2169 534 2196 ut
562 2165 709 2206 ugnus.-
758 2177 826 2207 qua
850 2170 946 2207 parte
972 2168 1123 2205 noluero,
1150 2168 1289 2197 licenter
1313 2171 1414 2208 pon0;
1442 2171 1471 2198 et
1492 2170 1558 2198 stat
1578 2168 1722 2197 elocutio

234 2229 271 2256 ut
302 2225 420 2266 'igitur
443 2226 503 2256 lzoc
529 2225 672 2263 faciam'
697 2229 726 2256 et
753 2226 823 2257 ’hoc
848 2226 955 2265 igitur
977 2226 1120 2264 saciarn'
1145 2244 1192 2248 —-
1213 2244 1260 2248 »-
1282 2244 1329 2248 -
1353 2226 1564 2257 Sallustius:
1611 2225 1722 2266 igitur

234 2283 338 2315 initio
364 2294 474 2325 regeS.

331 2352 382 2374 11.
429 2344 458 2374 A
468 2343 620 2383 ugustin.
645 2345 713 2374 ciu.
737 2344 781 2375 D.
807 2344 874 2374 III
897 2353 940 2383 14
962 2354 1039 2375 curn
1062 2345 1155 2374 enirn
1178 2345 1329 2375 laudans
1351 2344 1499 2375 breuiter
1520 2345 1722 2384 antiquiora

234 2406 529 2434 commemorasset
554 2403 611 2441 (sc,
636 2402 734 2442 Sall.)
760 2407 925 2444 tempora,
949 2404 1087 2444 quando
1108 2403 1187 2433 uita
1208 2403 1400 2434 hominum
1420 2403 1496 2433 sine
1519 2402 1722 2443 cupiditate

236 2461 446 2503 agitabatur
468 2464 505 2492 et
526 2470 591 2491 sua
614 2461 743 2502 cuique
765 2461 854 2492 satis
875 2462 1080 2502 placebant:
1129 2464 1256 2503 postea
1278 2472 1375 2500 uero,
1399 2463 1526 2502 inquit,
1550 2470 1663 2502 quarn
1684 2460 1722 2491 in

235 2520 321 2552 Asia
342 2522 470 2561 Cyrus,
494 2521 532 2551 in
555 2519 708 2551 Graecia
728 2520 1010 2554 Lacedaemnnji
1029 2524 1070 2551 et
1088 2521 1332 2552 Athmienses
1357 2531 1504 2562 coepere
1527 2520 1635 2550 urbes
1659 2519 1720 2550 ad-

236 2589 306 2620 que
328 2580 495 2611 nationes
517 2578 692 2620 subigere,
715 2579 904 2610 libidinem
926 2580 1140 2611 dominandi
1163 2590 1311 2611 eausam
1332 2579 1415 2610 belli
1437 2580 1581 2617 habere,
1606 2578 1720 2609 maxi-

236 2648 335 2669 mam
358 2638 510 2679 gloriam
532 2638 570 2669 in
593 2638 754 2669 maximo
777 2638 928 2680 imperio
952 2642 1092 2680 putare.

329 2767 349 2796 4
366 2758 420 2786 est
436 2745 511 2786 eras
530 2761 559 2787 Β
702 2765 720 2794 5
739 2765 913 2795 magnum
928 2755 1022 2785 inter
1039 2756 1077 2785 z'n
1094 2765 1150 2786 ras
1167 2768 1204 2786 m
1347 2758 1471 2785 utrum
1489 2753 1526 2784 ui
1557 2759 1568 2785 1

235 2817 256 2846 6
272 2825 328 2846 res
346 2814 460 2854 magis
478 2814 644 2845 militaris
663 2814 703 2846 1²⁴¹
736 2814 850 2853 magis
867 2824 921 2844 om
942 2819 996 2845 Bn
1028 2824 1062 2844 ss
1094 2814 1145 2845 M²
1334 2823 1354 2851 9
1377 2812 1537 2844 anterius
1558 2824 1581 2842 n

236 2873 377 2914 indiget
399 2884 417 2913 γ
503 2877 508 2882 “
571 2882 613 2903 1ο
632 2872 754 2903 diuers
798 2875 811 2907 I
841 2878 869 2903 B
1008 2882 1045 2902 11
1075 2876 1112 2904 et
1135 2872 1255 2903 adhuc
1287 2872 1362 2903 iarn
1386 2875 1467 2902 tum
1493 2876 1522 2903 N
