2028 3261
514 222 802 253 CONIVRATIO
836 221 1089 256 cAT1L1NAE
1125 213 1169 261 [c.
1204 214 1363 261 27—30]
1617 224 1671 267 39

185 329 435 382 parabatur
468 329 689 370 enuntiat.
753 329 818 369 ita
848 329 908 369 illi
940 329 1076 369 ianua
1106 329 1321 382 prohibiti
1353 334 1536 370 tanturn
1567 329 1673 371 faci-

184 413 269 440 nus
305 395 475 440 frustra
512 404 815 455 susceperant.
1695 412 1720 453 3

278 472 458 510 Interea
489 470 683 510 Manlius
714 470 760 509 in
794 469 977 512 Etruria
1002 468 1180 521 plebem
1200 468 1451 516 sollicitare,
1475 475 1675 521 egestate

184 540 316 580 simul
353 554 404 580 ac
439 540 590 581 dolore
624 539 813 580 iniuriae
847 551 1070 579 nouarum
1104 551 1253 579 rerum
1288 538 1514 592 cupidam,
1553 541 1674 592 quod
1694 553 1721 594 4

135 619 159 662 5
182 610 332 652 Sullae
363 610 673 651 dominatione
704 622 833 661 agros
863 608 1074 661 bonaque
1105 608 1257 649 omnia
1288 608 1514 657 amiserat,
1546 623 1674 663 prae-

183 686 306 721 terea
327 680 526 722 latrones
547 680 764 731 cuiusque
784 679 969 731 generis,
995 692 1188 731 quorum
1209 679 1255 719 in
1277 693 1329 720 ea
1350 680 1528 732 regione
1550 694 1673 734 mag-

181 764 240 791 na
282 751 410 804 copia
452 756 561 798 erat,
606 750 845 791 nonnullos
875 763 930 790 ex
959 749 1154 791 Sullanis
1184 750 1381 799 coloniis,
1415 750 1579 804 quibus
1608 751 1673 793 lu-

180 821 287 862 bido
319 827 456 874 atque
488 820 666 861 luxuria
697 834 753 861 ex
786 820 960 873 magnis
975 820 1143 874 rapinis
1159 820 1268 861 nihil
1284 820 1441 877 reliqui
1457 821 1670 863 fecerant.

273 891 340 935 Ea
367 905 470 931 cum
499 890 697 932 Ciceroni
725 890 1058 939 nuntiarentur,
1088 891 1272 944 ancipiti
1288 891 1407 933 malo
1421 897 1666 945 permotus,
1693 902 1744 942 29

110 973 162 1002 10
187 962 307 1014 quod
348 975 494 1014 neque
536 962 694 1002 urbem
737 962 794 1002 ab
836 961 1008 1002 insidiis
1049 962 1231 1016 priuato
1272 962 1456 1003 consilio
1497 963 1672 1016 longius

179 1032 293 1072 tueri
317 1037 512 1085 poterat,
540 1046 686 1084 neque
710 1032 933 1073 exercitus
957 1033 1096 1073 Manli
1123 1038 1323 1085 quantus
1348 1038 1428 1073 aut
1453 1046 1544 1085 quo
1568 1047 1671 1075 con-

177 1102 275 1143 silio
320 1102 438 1143 foret
467 1103 578 1143 satis
608 1108 877 1156 conpertum
907 1103 1122 1152 habebat,
1154 1117 1248 1143 rem
1279 1103 1337 1144 ad
1367 1108 1577 1144 senatum
1606 1117 1670 1145 re-

176 1172 265 1214 fert
304 1172 396 1214 iam
421 1179 556 1214 antea
579 1174 698 1225 uolgi
722 1173 979 1214 rumoribus
1002 1173 1297 1226 exagitatam.
1352 1173 1522 1226 itaque,
1549 1175 1671 1228 quod
1691 1185 1716 1216 2

176 1244 442 1297 plerumque
477 1244 523 1284 in
560 1244 701 1285 atroci
738 1244 920 1296 negotio
955 1245 1082 1293 solet,
1121 1250 1306 1285 senatus
1341 1244 1555 1293 decreuit,
1593 1245 1670 1286 da-

105 1324 157 1365 15
180 1319 281 1355 rent
311 1328 494 1367 operam
525 1314 741 1362 consules
773 1329 829 1355 ne
861 1315 969 1367 quid
998 1329 1067 1356 res
1096 1315 1279 1369 publica
1309 1315 1568 1356 detrimenti
1600 1329 1670 1357 ca-

174 1390 314 1438 peret.
376 1399 429 1425 ea
457 1390 663 1437 potestas
691 1398 770 1438 per
800 1391 1010 1425 senatum
1041 1399 1163 1426 more
1195 1388 1404 1426 Romano
1434 1386 1670 1439 magistra·
1690 1397 1715 1438 3

174 1455 241 1495 tui
284 1468 501 1495 maxuma
542 1455 835 1509 permittitur:
881 1456 1131 1497 exercitum
1172 1470 1345 1510 parare,
1388 1456 1557 1498 bellum
1598 1470 1669 1509 ge-

174 1539 280 1573 rere,
311 1539 513 1566 coercere
541 1526 752 1566 onmibus
779 1526 926 1567 modis
953 1527 1096 1568 socios
1123 1532 1262 1580 atque
1290 1527 1413 1575 ciuis,
1444 1526 1566 1568 domi
1588 1527 1668 1568 mi-

174 1596 386 1648 litiaeque
413 1596 654 1649 imperium
683 1601 821 1649 atque
848 1596 1065 1638 iudicium
1093 1611 1323 1638 summum
1351 1597 1530 1638 habere:
1590 1597 1668 1639 ali-

100 1677 155 1708 20
178 1672 245 1707 ter
292 1666 385 1707 sine
431 1667 586 1720 populi
632 1667 757 1707 iussu
803 1667 968 1709 nullius
1015 1681 1170 1709 earum
1210 1681 1359 1710 rerum
1400 1667 1571 1709 consuli
1599 1667 1668 1709 ius

173 1742 253 1777 est.

263 1810 372 1848 Post
403 1821 571 1861 paucos
604 1808 697 1848 dies
722 1810 770 1852 L.
802 1807 989 1850 Saenius
1021 1812 1203 1849 senator
1228 1807 1274 1849 in
1301 1813 1462 1850 senatu
1490 1808 1664 1850 litteras
1689 1819 1739 1857 30

266 1935 317 1958 22.
370 1928 494 1968 Pomp.
528 1928 556 1957 Γ
581 1932 604 1968 p
631 1928 698 1958 288
723 1928 769 1958 Is.
798 1928 943 1958 conlisz'o
968 1931 1027 1965 est,
1054 1928 1210 1968 quotiens
1238 1929 1344 1959 altera
1369 1931 1452 1968 pars
1468 1928 1506 1959 in
1522 1929 1665 1960 alteram

169 1986 441 2017 similitudinem
467 1988 660 2017 litterarum
686 1987 740 2017 uel
764 1987 909 2027 coeperit
935 1987 990 2017 uel
1012 1986 1160 2026 finierit,
1185 1987 1223 2017 id
1246 1989 1294 2017 est
1317 1988 1348 2018 si
1372 1987 1413 2018 ab
1437 1996 1476 2018 ea
1500 1990 1595 2027 parte
1610 1988 1666 2018 in-

169 2045 262 2075 choet
285 2046 359 2076 alia
381 2049 464 2086 pars
488 2046 667 2084 orationis,
692 2047 731 2076 in
753 2055 858 2086 quam
881 2045 982 2075 desiit
1004 2046 1079 2083 illa,
1104 2048 1164 2077 aut
1185 2049 1269 2076 certe
1291 2046 1323 2076 sz'
1345 2046 1386 2076 αἱ)
1410 2046 1499 2087 ipsis
1522 2046 1665 2086 syllabis

170 2103 328 2134 inchoent
367 2105 495 2134 multae
533 2107 658 2145 partes,
694 2107 730 2134 ut
754 2122 801 2126 —
824 2123 871 2127 —
894 2121 940 2126 —-
965 2102 1100 2137 Lucius
1128 2103 1258 2135 Senius
1285 2108 1437 2135 senator
1469 2104 1506 2135 in
1533 2107 1665 2135 senatu

169 2161 312 2191 litteras
344 2161 528 2193 recitauit.

265 2311 278 2333 1
309 2302 419 2333 ianua
447 2303 498 2333 illi
530 2309 559 2335 N
885 2300 1033 2334 ianuam
1060 2316 1084 2335 n
1425 2307 1445 2335 6
1475 2304 1664 2346 cuiusque]

168 2371 237 2402 que
270 2371 302 2391 ss
333 2362 372 2392 Pl
400 2363 514 2393 z‘ntrus
547 2368 576 2394 Β
913 2373 931 2402 7
956 2363 1149 2394 nonnullas
1187 2362 1314 2403 (uel-is)
1353 2363 1528 2394 exulanas
1562 2365 1662 2403 (non-

166 2420 284 2450 nullos
314 2420 479 2451 exillanis
508 2432 581 2452 corr
603 2423 671 2461 7722)
699 2427 725 2453 P
1041 2421 1190 2453 coloniis
1212 2421 1503 2464 P[P1]P²B}1²1sn
1528 2422 1663 2454 colonis

169 2477 275 2509 Pll'm
476 2480 495 2509 8
519 2480 654 2510 fecerat
678 2479 743 2511 ΠΒ
769 2483 805 2521 (n
828 2486 873 2520 ss)
900 2480 1061 2511 fecerant
1083 2479 1147 2522 [Π]
1171 2482 1232 2512 rell
1454 2490 1490 2512 11
1518 2477 1662 2527 1113111111

168 2543 195 2567 P
217 2537 343 2580 manili
368 2530 413 2568 Pl
634 2542 795 2580 quantus
825 2543 922 2570 ex-to
956 2545 981 2570 P
1202 2550 1242 2579 14
1274 2539 1435 2570 decreuit
1466 2542 1507 2570 ut
1530 2540 1660 2570 darent

168 2596 207 2626 Ρ2
238 2599 279 2626 ut
310 2606 343 2626 ss
376 2602 474 2627 BHT
690 2607 729 2636 15
755 2597 966 2628 detrimenti
988 2608 1081 2641 resp.
1108 2608 1185 2640 cap.
1211 2603 1279 2630 ΜΕ
1303 2598 1394 2629 detr.
1421 2608 1498 2640 cap.
1523 2608 1616 2640 resp.
1642 2612 1660 2630 e

412 2656 451 2685 18
480 2657 656 2698 coercere]
685 2666 809 2696 cogere
835 2667 868 2687 ss
898 2657 936 2688 Pl
965 2667 1089 2697 cogere
1115 2662 1178 2698 pro
1207 2667 1318 2688 coerC.
1349 2658 1390 2689 Ρ2

168 2712 287 2743 modis
313 2723 346 2743 55
401 2718 434 2744 Κ
674 2715 770 2745 ciues
791 2725 824 2745 55
849 2721 877 2746 Β
1152 2725 1191 2753 19
1215 2726 1400 2746 summum
1421 2726 1462 2747 ex
1483 2725 1590 2746 suum
1632 2722 1659 2748 P

411 2782 453 2803 20
484 2773 559 2803 sine
582 2769 631 2819 [ΙΙΙ
654 2773 753 2804 iussu
771 2775 840 2814 (ras
859 2783 880 2812 3
896 2775 959 2804 litt.
980 2774 1106 2815 populi
1129 2775 1167 2804 z'n
1187 2778 1252 2816 mg)
1276 2780 1304 2805 Β
1323 2774 1449 2816 populi
1466 2774 1566 2805 iussu
1582 2774 1658 2805 sine

169 2835 263 2881 (post
287 2832 355 2862 add
374 2832 409 2861 in
435 2834 499 2873 mg)
529 2837 563 2862 H
812 2832 900 2862 nulli
934 2831 1038 2873 [Ρ1]Σ
1041 2832 1202 2873 [NHT]n
1447 2832 1502 2863 ius
1524 2842 1599 2864 esse
1623 2838 1659 2866 Κ
