2028 3261
530 199 815 230 CONIVRATIO
856 199 1110 231 CATILINAE
1143 190 1187 237 [c.
1220 191 1376 238 58—[10]
1658 188 1712 239 83

219 306 440 348 Cimbrico
468 307 511 347 C.
540 306 709 347 Marius
735 307 781 346 in
807 307 1007 347 exercitu
1033 307 1244 348 habuisse
1271 307 1521 348 dicebatur.
1581 311 1629 346 at
1655 320 1711 346 ex
1732 316 1760 356 4

220 378 359 417 altera
383 382 512 429 parte
537 377 581 418 C.
608 377 847 424 Antonius,
874 377 1066 430 pedibus
1090 391 1220 429 aeger
1245 378 1367 430 quod
1392 376 1562 430 proelio
1587 377 1712 416 ades-

218 460 263 488 se
298 447 530 499 nequibat,
569 449 627 487 M.
677 447 853 487 Petreio
890 448 1038 499 legato
1075 447 1325 487 exercitum
1362 446 1601 500 permittit.
1642 446 1713 486 ille
1736 454 1758 493 5

218 517 414 558 cohortis
449 522 702 564 ueteranas,
742 530 854 569 quas
890 516 1076 557 tumulti
1114 529 1251 557 causa
1287 517 1628 570 conscripserat,
1667 515 1713 555 in

173 597 195 636 5
217 587 378 635 fronte,
408 593 513 640 post
538 600 613 627 eas
640 592 840 627 ceterum
867 586 1116 626 exercitum
1143 586 1190 626 in
1217 586 1429 628 subsidiis
1455 588 1588 628 locat.
1647 585 1712 639 ip-

218 671 262 698 se
302 670 419 709 equo
459 657 725 697 circumiens
764 669 908 697 unum
949 670 1176 709 quemque
1215 657 1457 698 nominans
1498 656 1711 711 appellat,

217 728 439 777 hortatur,
471 732 612 779 rogat,
644 731 697 767 ut
725 726 1023 767 meminerint.
1042 741 1087 768 se
1116 733 1276 768 contra
1304 728 1503 768 latrones
1531 726 1714 767 inermis

217 811 298 851 pro
332 798 492 851 patria,
528 810 610 850 pro
643 796 805 844 liberis,
843 811 925 850 pro
960 797 1048 838 aris
1083 803 1222 850 atque
1256 798 1366 839 focis
1401 798 1492 839 suis
1526 803 1710 839 certare.

217 869 354 908 homo
381 867 601 914 militaris,
634 867 756 920 quod
784 867 979 921 amplius
1007 881 1149 909 annos
1176 869 1365 921 triginta
1393 869 1605 909 tribunus
1633 872 1714 908 aut
1734 865 1762 906 6

150 949 201 978 1o
221 938 476 992 praefectus
509 943 590 977 aut
622 938 798 990 legatus
832 944 912 978 aut
945 944 1127 991 praetor
1161 952 1264 979 cum
1298 953 1464 991 magna
1496 939 1637 991 gloria
1669 938 1716 978 in

217 1007 415 1049 exercitu
461 1007 622 1056 fuerat,
671 1008 906 1062 plerosque
953 1008 1073 1062 ipsos
1118 1008 1332 1062 factaque
1379 1023 1533 1050 eorum
1580 1009 1717 1050 fortia

217 1084 420 1126 nouerat;
448 1092 501 1118 ea
526 1079 906 1120 conmemorando
931 1079 1129 1120 militum
1155 1080 1329 1121 animos
1355 1080 1644 1120 accendebat.

311 1149 398 1190 Sed
423 1149 500 1189 ubi
528 1149 737 1189 omnibus
757 1150 890 1190 rebus
911 1150 1157 1203 exploratis
1179 1150 1381 1191 Petreius
1402 1150 1515 1191 tuba
1536 1151 1714 1203 signum
1737 1159 1789 1198 60

219 1219 312 1267 dat,
343 1219 540 1260 cohortis
567 1219 789 1272 paulatim
817 1220 1021 1261 incedere
1049 1220 1189 1269 iubet;
1220 1221 1340 1262 idern
1368 1221 1479 1261 facit
1515 1221 1716 1262 hostium

149 1300 196 1339 15
219 1289 452 1330 exercitus.
488 1295 733 1343 postquam
757 1304 809 1331 eo
833 1296 1023 1332 uentum
1047 1297 1129 1339 est,
1147 1292 1267 1332 unde
1282 1305 1307 1331 a
1322 1291 1576 1332 ferentariis
1589 1305 1715 1345 proe-
1739 1302 1762 1331 2

217 1360 327 1400 lium
368 1360 576 1400 conmitti
618 1366 783 1413 posset,
827 1375 1044 1402 maxumo
1073 1363 1267 1403 clamore
1297 1352 1400 1403 curn
1428 1362 1604 1403 infestis
1633 1362 1716 1414 sig-

313 1465 342 1486 2.
391 1456 498 1486 Arus.
540 1456 613 1486 VII
647 1460 670 1496 p
701 1465 767 1495 453
791 1457 836 1487 K.
866 1457 973 1498 ’aeger
998 1458 1121 1495 illz‘us',
1148 1459 1220 1489 Sal.
1246 1459 1342 1489 Hz'st.
1367 1477 1414 1481 —
1435 1477 1482 1481 ——
1506 1459 1595 1489 idem
1619 1459 1716 1488 Bello

219 1515 344 1546 Cam..-
395 1514 549 1556 pedibus
577 1525 690 1555 aeger.

314 1584 342 1613 3.
395 1575 489 1605 Non.
518 1578 540 1615 p
568 1575 685 1614 489.33
712 1576 766 1605 ΑἹῘ.
799 1575 962 1606 'tumulti'
996 1593 1042 1599 ——
1066 1594 1113 1599 -—-
1137 1594 1193 1607 —-.
1247 1577 1440 1607 Sallustius
1468 1578 1505 1607 in
1537 1577 1715 1607 Catilinae

216 1634 332 1664 Bello:
355 1633 413 1663 ille
437 1633 595 1663 cohortis
618 1636 821 1672 ueteranas,
848 1644 938 1675 quas
962 1634 1113 1665 tumulti
1137 1645 1246 1666 causa
1270 1635 1543 1676 conscripserat,
1568 1635 1604 1666 in
1617 1636 1713 1666 fron-

218 1695 305 1729 tem,
328 1695 410 1732 post
431 1702 490 1722 eas
512 1695 673 1722 ceterum
694 1692 895 1723 exercitum
916 1692 951 1723 in
972 1693 1135 1724 subsidio
1156 1694 1263 1725 locat.

313 1760 342 1790 7.
386 1752 414 1781 A
424 1761 493 1781 rus.
532 1751 605 1781 VII
633 1756 656 1792 j)
688 1760 753 1790 459
773 1752 819 1782 K.
843 1752 939 1782 'certo
959 1756 1077 1783 contra
1095 1753 1149 1791 ἴθ’,
1171 1754 1243 1785 Sal.
1266 1754 1392 1784 Cam..-
1412 1756 1538 1784 contra
1557 1754 1716 1784 latrones

217 1809 371 1840 inermes
398 1820 462 1851 pro
490 1809 610 1850 patria
637 1814 789 1841 certare.

312 1879 342 1905 9.
391 1869 492 1900 Proh.
528 1869 585 1898 IV
616 1873 639 1910 p
673 1870 717 1908 85
739 1870 785 1900 Κ.
809 1871 1000 1910 quaeritur,
1025 1871 1066 1901 ab
1089 1881 1125 1902 eo
1147 1872 1239 1912 quod
1260 1872 1350 1902 dixit
1373 1872 1585 1903 Sallustius:
1607 1872 1718 1902 homo

218 1927 384 1959 militaris
406 1938 475 1969 qua
497 1928 536 1958 de
559 1938 666 1959 causa
691 1930 727 1959 in
749 1939 868 1969 geneye
891 1930 1064 1967 feminino
1088 1940 1157 1961 non
1180 1931 1289 1968 saciat
1315 1930 1406 1961 'haec
1432 1930 1628 1961 mz‘lz'taria'.

311 1988 418 2017 Arus.
466 1987 541 2018 VII
573 1992 597 2028 p
632 1996 698 2027 451
732 1988 778 2018 K.
817 1988 984 2029 'amplius
1018 1990 1119 2020 illam
1154 1989 1249 2027 rens,
1286 1990 1376 2020 idem
1411 1991 1448 2020 in
1484 1990 1618 2020 eodem:
1642 1999 1717 2020 am-

219 2045 313 2087 plius
335 2055 448 2076 annos
470 2046 621 2086 triginta
643 2057 726 2077 cum
745 2056 878 2086 magna
899 2048 1012 2087 gloria
1033 2047 1165 2079 fuerat.

316 2113 367 2143 15.
415 2105 509 2135 Non.
533 2109 557 2145 p
581 2114 696 2146 554.25
719 2106 774 2137 M.
801 2106 1006 2144 'ferentarii'
1029 2108 1118 2138 leuis
1142 2112 1334 2145 armatura,
1358 2109 1420 2149 qui
1441 2109 1500 2138 cui
1522 2111 1610 2149 opus
1632 2112 1718 2140 esset

219 2165 355 2195 auxilio
376 2165 504 2202 ferrent
526 2174 673 2195 excursu
695 2166 778 2201 leui,
803 2166 912 2196 armis
934 2167 1102 2207 grauibus
1125 2176 1196 2198 non
1219 2167 1393 2207 impediti.
1416 2185 1463 2189 —
1483 2184 1530 2190 —-
1553 2167 1717 2198 Sallusti-

219 2232 262 2254 us
283 2223 322 2253 in
344 2223 522 2254 Catilinae
543 2224 662 2254 Bello:
683 2228 883 2265 postquam
903 2235 944 2255 eo
965 2229 1120 2256 uentum
1142 2228 1207 2263 est,
1231 2224 1327 2256 unde
1349 2235 1369 2255 a
1390 2225 1595 2257 ferentariis
1616 2236 1717 2267 proe-

219 2282 312 2312 lium
345 2282 514 2313 conmitti
547 2287 681 2324 posset.

316 2373 329 2394 1
355 2374 399 2394 ex
420 2375 474 2394 om
499 2365 538 2396 Ρ2
754 2375 771 2404 3
795 2365 1010 2406 nequiuerat
1038 2373 1066 2398 N
1303 2368 1361 2398 ille
1383 2369 1549 2399 cohortes
1569 2386 1615 2390 —
1636 2372 1718 2409 post

221 2432 282 2453 eos
301 2422 499 2453 exercitum
519 2423 700 2464 permittit
720 2425 809 2455 inter
828 2425 1011 2465 permittit
1030 2430 1059 2456 et
1078 2425 1137 2456 ille
1158 2427 1300 2458 iteram't
1319 2431 1348 2457 et
1367 2431 1438 2457 tum
1460 2428 1513 2458 del
1551 2433 1577 2458 P

222 2493 241 2520 4
263 2481 413 2511 tumulti
438 2487 463 2512 T
488 2482 529 2521 (?)
557 2483 738 2514 tumultus
760 2485 822 2514 rell
1119 2487 1138 2514 6
1161 2484 1337 2517 circuiens
1363 2486 1610 2526 P4NH[M‘-']T[
1620 2486 1717 2527 D]lm

465 2541 677 2582 appellabat
712 2543 750 2574 Pl
776 2543 875 2581 (corr)
903 2533 948 2574 Ρ2
1176 2554 1192 2582 7
1221 2539 1577 2589 contralffllatrones
1610 2545 1717 2584 (latro

222 2596 312 2635 eras)
342 2604 369 2631 P
393 2594 672 2643 conilllatrones
705 2601 751 2639 (la
789 2599 880 2637 eras)
899 2602 938 2634 Ρ1
1196 2603 1381 2634 inherinos
1414 2609 1440 2635 P

444 2658 463 2688 8
486 2657 555 2689 aris
574 2668 606 2689 ss
630 2664 658 2690 B
681 2654 780 2705 astris
806 2665 835 2691 N
1065 2671 1084 2698 o
1107 2665 1218 2702 atque
1239 2662 1444 2703 praefectus
1468 2668 1495 2693 Β

226 2726 262 2748 11
293 2715 480 2758 factaque]
508 2726 578 2757 que
605 2727 659 2748 om
686 2729 709 2748 11
976 2729 1014 2758 13
1044 2720 1187 2759 signum
1217 2721 1307 2751 tuba
1335 2720 1400 2751 dat
1430 2726 1490 2751 Hn
1519 2721 1624 2760 (tuba
1651 2719 1716 2751 dat

221 2775 260 2806 in
281 2778 350 2814 ras)
575 2785 613 2814 15
636 2775 732 2806 unde
754 2773 790 2814 a]
811 2786 831 2807 a
852 2787 905 2807 om
928 2776 958 2807 Χ
978 2788 1011 2809 ss
1036 2779 1089 2810 Pl!
1298 2779 1516 2820 ferentariis]
1538 2779 1716 2820 signiferis

221 2833 279 2864 uel
302 2833 410 2874 primi
432 2834 568 2875 pilariis
590 2844 622 2865 ss
650 2835 688 2866 Pl
712 2834 893 2875 signiferis
915 2836 1120 2867 ferentariis
1144 2849 1161 2869 e
1394 2837 1597 2868 ferentariis
1619 2838 1716 2868 unde

226 2892 403 2933 proelium
423 2905 459 2924 m
671 2895 711 2923 16
731 2894 845 2933 possit
866 2893 943 2925 HP²
969 2899 1091 2935 posset
1115 2891 1221 2936 [PP2]
1247 2897 1307 2926 rell
