<?xml version="1.0" encoding="UTF-8"?>
<!DOCTYPE html PUBLIC "-//W3C//DTD XHTML 1.0 Transitional//EN"
    "http://www.w3.org/TR/xhtml1/DTD/xhtml1-transitional.dtd">
<html xmlns="http://www.w3.org/1999/xhtml" xml:lang="en" lang="en">
 <head>
  <title>
</title>
<meta http-equiv="Content-Type" content="text/html;charset=utf-8" />
  <meta name='ocr-system' content='tesseract 3.04.00' />
  <meta name='ocr-capabilities' content='ocr_page ocr_carea ocr_par ocr_line ocrx_word'/>
</head>
<body>
  <div class='ocr_page' id='page_1' title='image "./coniuratiocatili00salluoft_0047.png"; bbox 0 0 2028 3261; ppageno 0'>
   <div class='ocr_carea' id='block_1_1' title="bbox 559 286 1718 335">
    <p class='ocr_par' dir='ltr' id='par_1_1' title="bbox 559 286 1718 335">
     <span class='ocr_line' id='line_1_1' title="bbox 559 286 1718 335; baseline -0.007 -9"><span class='ocrx_word' id='word_1_1' title='bbox 559 295 847 326; x_wconf 80' lang='lat' dir='ltr'><strong>CONIVRATIO</strong></span> <span class='ocrx_word' id='word_1_2' title='bbox 881 295 1133 328; x_wconf 79' lang='lat' dir='ltr'>CATILiNAE</span> <span class='ocrx_word' id='word_1_3' title='bbox 1165 286 1209 333; x_wconf 85' lang='lat' dir='ltr'>[c.</span> <span class='ocrx_word' id='word_1_4' title='bbox 1235 287 1391 334; x_wconf 83' lang='lat'>20-22]</span> <span class='ocrx_word' id='word_1_5' title='bbox 1663 296 1718 335; x_wconf 81' lang='lat'>33</span> 
     </span>
    </p>
   </div>
   <div class='ocr_carea' id='block_1_2' title="bbox 156 401 1791 1369">
    <p class='ocr_par' dir='ltr' id='par_1_2' title="bbox 156 401 1791 1369">
     <span class='ocr_line' id='line_1_2' title="bbox 237 401 1716 455; baseline -0.002 -11"><span class='ocrx_word' id='word_1_6' title='bbox 237 403 514 444; x_wconf 90' lang='lat' dir='ltr'>admonebat</span> <span class='ocrx_word' id='word_1_7' title='bbox 542 402 681 443; x_wconf 90' lang='lat' dir='ltr'>alium</span> <span class='ocrx_word' id='word_1_8' title='bbox 713 402 938 455; x_wconf 74' lang='lat' dir='ltr'>egestatis,</span> <span class='ocrx_word' id='word_1_9' title='bbox 975 401 1112 442; x_wconf 89' lang='lat' dir='ltr'>alium</span> <span class='ocrx_word' id='word_1_10' title='bbox 1145 401 1411 454; x_wconf 83' lang='lat' dir='ltr'>cupiditatis</span> <span class='ocrx_word' id='word_1_11' title='bbox 1443 415 1561 448; x_wconf 73' lang='lat' dir='ltr'>suae,</span> <span class='ocrx_word' id='word_1_12' title='bbox 1598 415 1716 441; x_wconf 90' lang='lat' dir='ltr'>com-</span> 
     </span>
     <span class='ocr_line' id='line_1_3' title="bbox 233 471 1714 527; baseline -0.001 -13"><span class='ocrx_word' id='word_1_13' title='bbox 233 473 374 526; x_wconf 86' lang='lat' dir='ltr'>pluris</span> <span class='ocrx_word' id='word_1_14' title='bbox 404 473 587 527; x_wconf 88' lang='lat' dir='ltr'>periculi</span> <span class='ocrx_word' id='word_1_15' title='bbox 620 478 701 513; x_wconf 92' lang='lat' dir='ltr'>aut</span> <span class='ocrx_word' id='word_1_16' title='bbox 730 472 1014 525; x_wconf 78' lang='lat' dir='ltr'>ignominiae,</span> <span class='ocrx_word' id='word_1_17' title='bbox 1049 472 1217 512; x_wconf 88' lang='lat' dir='ltr'>multos</span> <span class='ocrx_word' id='word_1_18' title='bbox 1248 471 1464 512; x_wconf 88' lang='lat' dir='ltr'>uictoriae</span> <span class='ocrx_word' id='word_1_19' title='bbox 1490 471 1714 519; x_wconf 77' lang='lat' dir='ltr'>Sullanae,</span> 
     </span>
     <span class='ocr_line' id='line_1_4' title="bbox 234 540 1762 596; baseline -0.001 -12"><span class='ocrx_word' id='word_1_20' title='bbox 234 543 398 596; x_wconf 90' lang='lat' dir='ltr'>quibus</span> <span class='ocrx_word' id='word_1_21' title='bbox 450 557 502 584; x_wconf 89' lang='lat' dir='ltr'>ea</span> <span class='ocrx_word' id='word_1_22' title='bbox 545 543 738 596; x_wconf 85' lang='lat' dir='ltr'>praedae</span> <span class='ocrx_word' id='word_1_23' title='bbox 781 542 942 582; x_wconf 75' lang='lat' dir='ltr'>tuerat.</span> <span class='ocrx_word' id='word_1_24' title='bbox 1017 546 1263 594; x_wconf 77' lang='lat' dir='ltr'>postquam</span> <span class='ocrx_word' id='word_1_25' title='bbox 1308 541 1510 582; x_wconf 87' lang='lat' dir='ltr'>omnium</span> <span class='ocrx_word' id='word_1_26' title='bbox 1543 540 1719 582; x_wconf 89' lang='lat' dir='ltr'>animos</span> <span class='ocrx_word' id='word_1_27' title='bbox 1739 551 1762 594; x_wconf 84' lang='lat'>5</span> 
     </span>
     <span class='ocr_line' id='line_1_5' title="bbox 233 611 1715 664; baseline -0.002 -9"><span class='ocrx_word' id='word_1_28' title='bbox 233 614 389 655; x_wconf 88' lang='lat' dir='ltr'>alacris</span> <span class='ocrx_word' id='word_1_29' title='bbox 415 614 554 661; x_wconf 89' lang='lat' dir='ltr'>uidet,</span> <span class='ocrx_word' id='word_1_30' title='bbox 584 613 860 659; x_wconf 74' lang='lat' dir='ltr'>cohortatus,</span> <span class='ocrx_word' id='word_1_31' title='bbox 890 617 943 652; x_wconf 90' lang='lat' dir='ltr'>ut</span> <span class='ocrx_word' id='word_1_32' title='bbox 969 611 1236 664; x_wconf 85' lang='lat' dir='ltr'>petitionem</span> <span class='ocrx_word' id='word_1_33' title='bbox 1263 625 1392 652; x_wconf 88' lang='lat' dir='ltr'>suam</span> <span class='ocrx_word' id='word_1_34' title='bbox 1420 626 1552 652; x_wconf 89' lang='lat' dir='ltr'>curae</span> <span class='ocrx_word' id='word_1_35' title='bbox 1578 612 1715 652; x_wconf 85' lang='lat' dir='ltr'>habe-</span> 
     </span>
     <span class='ocr_line' id='line_1_6' title="bbox 183 681 1791 737; baseline -0.002 -11"><span class='ocrx_word' id='word_1_36' title='bbox 183 694 208 737; x_wconf 83' lang='lat'><strong>5</strong></span> <span class='ocrx_word' id='word_1_37' title='bbox 232 690 345 732; x_wconf 85' lang='lat' dir='ltr'>rent,</span> <span class='ocrx_word' id='word_1_38' title='bbox 382 688 658 725; x_wconf 89' lang='lat' dir='ltr'>conuentum</span> <span class='ocrx_word' id='word_1_39' title='bbox 692 681 874 723; x_wconf 86' lang='lat' dir='ltr'>dimisit.</span> <span class='ocrx_word' id='word_1_40' title='bbox 941 681 1064 723; x_wconf 82' lang='lat' dir='ltr'>fuere</span> <span class='ocrx_word' id='word_1_41' title='bbox 1097 696 1150 722; x_wconf 91' lang='lat' dir='ltr'>ea</span> <span class='ocrx_word' id='word_1_42' title='bbox 1183 687 1470 735; x_wconf 85' lang='lat' dir='ltr'>tempestate,</span> <span class='ocrx_word' id='word_1_43' title='bbox 1501 682 1576 734; x_wconf 84' lang='lat' dir='ltr'>qui</span> <span class='ocrx_word' id='word_1_44' title='bbox 1600 682 1716 723; x_wconf 89' lang='lat' dir='ltr'>dice·</span> <span class='ocrx_word' id='word_1_45' title='bbox 1738 693 1791 730; x_wconf 66' lang='lat'>22</span> 
     </span>
     <span class='ocr_line' id='line_1_7' title="bbox 230 752 1717 806; baseline -0.001 -10"><span class='ocrx_word' id='word_1_46' title='bbox 230 760 343 803; x_wconf 84' lang='lat' dir='ltr'>rent,</span> <span class='ocrx_word' id='word_1_47' title='bbox 372 754 612 796; x_wconf 83' lang='lat' dir='ltr'>Catilinam</span> <span class='ocrx_word' id='word_1_48' title='bbox 638 752 840 793; x_wconf 87' lang='lat' dir='ltr'>oratione</span> <span class='ocrx_word' id='word_1_49' title='bbox 865 752 1036 800; x_wconf 85' lang='lat' dir='ltr'>habita,</span> <span class='ocrx_word' id='word_1_50' title='bbox 1065 766 1167 792; x_wconf 89' lang='lat' dir='ltr'>cum</span> <span class='ocrx_word' id='word_1_51' title='bbox 1195 753 1251 793; x_wconf 88' lang='lat' dir='ltr'>ad</span> <span class='ocrx_word' id='word_1_52' title='bbox 1276 753 1346 794; x_wconf 88' lang='lat' dir='ltr'>ius</span> <span class='ocrx_word' id='word_1_53' title='bbox 1370 753 1613 793; x_wconf 76' lang='lat' dir='ltr'>iurandum</span> <span class='ocrx_word' id='word_1_54' title='bbox 1640 767 1717 806; x_wconf 87' lang='lat' dir='ltr'>po-</span> 
     </span>
     <span class='ocr_line' id='line_1_8' title="bbox 230 823 1717 878; baseline -0.002 -12"><span class='ocrx_word' id='word_1_55' title='bbox 230 825 397 878; x_wconf 87' lang='lat' dir='ltr'>pularis</span> <span class='ocrx_word' id='word_1_56' title='bbox 432 823 606 864; x_wconf 85' lang='lat' dir='ltr'>sceleris</span> <span class='ocrx_word' id='word_1_57' title='bbox 640 823 707 863; x_wconf 93' lang='lat' dir='ltr'>sui</span> <span class='ocrx_word' id='word_1_58' title='bbox 745 823 956 875; x_wconf 82' lang='lat' dir='ltr'>adigeret.</span> <span class='ocrx_word' id='word_1_59' title='bbox 995 823 1182 863; x_wconf 87' lang='lat' dir='ltr'>humani</span> <span class='ocrx_word' id='word_1_60' title='bbox 1219 823 1416 876; x_wconf 88' lang='lat' dir='ltr'>corporis</span> <span class='ocrx_word' id='word_1_61' title='bbox 1452 824 1717 876; x_wconf 85' lang='lat' dir='ltr'>sanguinem</span> 
     </span>
     <span class='ocr_line' id='line_1_9' title="bbox 229 893 1764 948; baseline -0.001 -12"><span class='ocrx_word' id='word_1_62' title='bbox 229 895 335 936; x_wconf 91' lang='lat' dir='ltr'>uino</span> <span class='ocrx_word' id='word_1_63' title='bbox 368 894 645 948; x_wconf 79' lang='lat' dir='ltr'>permixtum</span> <span class='ocrx_word' id='word_1_64' title='bbox 679 893 725 933; x_wconf 88' lang='lat' dir='ltr'>in</span> <span class='ocrx_word' id='word_1_65' title='bbox 758 894 926 946; x_wconf 89' lang='lat' dir='ltr'>pateris</span> <span class='ocrx_word' id='word_1_66' title='bbox 961 894 1299 939; x_wconf 72' lang='lat' dir='ltr'>circumtulisse:</span> <span class='ocrx_word' id='word_1_67' title='bbox 1336 894 1439 935; x_wconf 89' lang='lat' dir='ltr'>inde</span> <span class='ocrx_word' id='word_1_68' title='bbox 1475 908 1579 934; x_wconf 86' lang='lat' dir='ltr'>cum</span> <span class='ocrx_word' id='word_1_69' title='bbox 1613 899 1718 947; x_wconf 87' lang='lat' dir='ltr'>post</span> <span class='ocrx_word' id='word_1_70' title='bbox 1738 907 1764 936; x_wconf 84' lang='lat'>2</span> 
     </span>
     <span class='ocr_line' id='line_1_10' title="bbox 228 964 1716 1016; baseline -0.001 -10"><span class='ocrx_word' id='word_1_71' title='bbox 228 965 559 1006; x_wconf 84' lang='lat' dir='ltr'>execrationem</span> <span class='ocrx_word' id='word_1_72' title='bbox 590 978 744 1005; x_wconf 86' lang='lat' dir='ltr'>omnes</span> <span class='ocrx_word' id='word_1_73' title='bbox 775 964 1151 1016; x_wconf 74' lang='lat' dir='ltr'>degustauissent,</span> <span class='ocrx_word' id='word_1_74' title='bbox 1185 964 1315 1005; x_wconf 88' lang='lat' dir='ltr'>sicuti</span> <span class='ocrx_word' id='word_1_75' title='bbox 1347 965 1393 1004; x_wconf 89' lang='lat' dir='ltr'>in</span> <span class='ocrx_word' id='word_1_76' title='bbox 1424 965 1716 1005; x_wconf 86' lang='lat' dir='ltr'>sollemnibus</span> 
     </span>
     <span class='ocr_line' id='line_1_11' title="bbox 156 1035 1716 1088; baseline -0.001 -11"><span class='ocrx_word' id='word_1_77' title='bbox 156 1047 210 1078; x_wconf 92' lang='lat'>10</span> <span class='ocrx_word' id='word_1_78' title='bbox 231 1036 367 1077; x_wconf 87' lang='lat' dir='ltr'>sacris</span> <span class='ocrx_word' id='word_1_79' title='bbox 395 1035 491 1076; x_wconf 83' lang='grc'>11611</span> <span class='ocrx_word' id='word_1_80' title='bbox 521 1035 768 1082; x_wconf 86' lang='lat' dir='ltr'>consueuit,</span> <span class='ocrx_word' id='word_1_81' title='bbox 801 1035 1025 1088; x_wconf 88' lang='lat' dir='ltr'>aperuisse</span> <span class='ocrx_word' id='word_1_82' title='bbox 1055 1035 1290 1075; x_wconf 85' lang='lat' dir='ltr'>consilium</span> <span class='ocrx_word' id='word_1_83' title='bbox 1319 1049 1465 1082; x_wconf 88' lang='lat' dir='ltr'>suum,</span> <span class='ocrx_word' id='word_1_84' title='bbox 1497 1041 1635 1087; x_wconf 87' lang='lat' dir='ltr'>atque</span> <span class='ocrx_word' id='word_1_85' title='bbox 1664 1050 1716 1076; x_wconf 88' lang='lat' dir='ltr'>eo</span> 
     </span>
     <span class='ocr_line' id='line_1_12' title="bbox 224 1105 1743 1158; baseline -0.001 -12"><span class='ocrx_word' id='word_1_86' title='bbox 224 1107 287 1147; x_wconf 91' lang='lat' dir='ltr'>ita</span> <span class='ocrx_word' id='word_1_87' title='bbox 318 1106 486 1153; x_wconf 82' lang='lat' dir='ltr'>fecisse,</span> <span class='ocrx_word' id='word_1_88' title='bbox 518 1119 607 1158; x_wconf 91' lang='lat' dir='ltr'>quo</span> <span class='ocrx_word' id='word_1_89' title='bbox 635 1105 751 1145; x_wconf 88' lang='grc'>111161</span> <span class='ocrx_word' id='word_1_90' title='bbox 772 1119 816 1146; x_wconf 92' lang='grc'>56</span> <span class='ocrx_word' id='word_1_91' title='bbox 837 1105 918 1145; x_wconf 79' lang='lat' dir='ltr'>fidi</span> <span class='ocrx_word' id='word_1_92' title='bbox 940 1105 1081 1157; x_wconf 83' lang='lat' dir='ltr'>magis</span> <span class='ocrx_word' id='word_1_93' title='bbox 1102 1105 1251 1146; x_wconf 80' lang='lat' dir='ltr'>forent</span> <span class='ocrx_word' id='word_1_94' title='bbox 1273 1105 1385 1146; x_wconf 86' lang='lat' dir='ltr'>alius</span> <span class='ocrx_word' id='word_1_95' title='bbox 1407 1105 1479 1146; x_wconf 89' lang='lat' dir='ltr'>alii</span> <span class='ocrx_word' id='word_1_96' title='bbox 1502 1105 1621 1145; x_wconf 90' lang='lat' dir='ltr'>tanti</span> <span class='ocrx_word' id='word_1_97' title='bbox 1650 1105 1714 1145; x_wconf 87' lang='grc'>13-</span> <span class='ocrx_word' id='word_1_98' title='bbox 1739 1126 1743 1130; x_wconf 62' lang='lat'><em>&lt;</em></span> 
     </span>
     <span class='ocr_line' id='line_1_13' title="bbox 224 1175 1757 1229; baseline -0.001 -11"><span class='ocrx_word' id='word_1_99' title='bbox 224 1177 386 1219; x_wconf 85' lang='lat' dir='ltr'>cinoris</span> <span class='ocrx_word' id='word_1_100' title='bbox 416 1176 592 1217; x_wconf 91' lang='lat' dir='ltr'>conscii.</span> <span class='ocrx_word' id='word_1_101' title='bbox 645 1176 846 1216; x_wconf 90' lang='lat' dir='ltr'>nonnulli</span> <span class='ocrx_word' id='word_1_102' title='bbox 878 1175 988 1216; x_wconf 77' lang='lat' dir='ltr'>ficta</span> <span class='ocrx_word' id='word_1_103' title='bbox 1018 1181 1063 1216; x_wconf 90' lang='lat' dir='ltr'>et</span> <span class='ocrx_word' id='word_1_104' title='bbox 1093 1176 1203 1216; x_wconf 87' lang='lat' dir='ltr'>haec</span> <span class='ocrx_word' id='word_1_105' title='bbox 1233 1182 1279 1216; x_wconf 92' lang='lat' dir='ltr'>et</span> <span class='ocrx_word' id='word_1_106' title='bbox 1310 1177 1455 1216; x_wconf 87' lang='lat' dir='ltr'>multa</span> <span class='ocrx_word' id='word_1_107' title='bbox 1475 1182 1712 1229; x_wconf 85' lang='lat' dir='ltr'>praeterea</span> <span class='ocrx_word' id='word_1_108' title='bbox 1732 1187 1757 1228; x_wconf 79' lang='lat'>3</span> 
     </span>
     <span class='ocr_line' id='line_1_14' title="bbox 224 1246 1718 1299; baseline -0.001 -11"><span class='ocrx_word' id='word_1_109' title='bbox 224 1247 567 1289; x_wconf 79' lang='lat' dir='ltr'>existumabant</span> <span class='ocrx_word' id='word_1_110' title='bbox 619 1246 676 1286; x_wconf 92' lang='lat' dir='ltr'>ab</span> <span class='ocrx_word' id='word_1_111' title='bbox 703 1246 768 1293; x_wconf 91' lang='lat' dir='ltr'>iis,</span> <span class='ocrx_word' id='word_1_112' title='bbox 799 1246 874 1298; x_wconf 83' lang='lat' dir='ltr'>qui</span> <span class='ocrx_word' id='word_1_113' title='bbox 902 1246 1125 1287; x_wconf 79' lang='lat' dir='ltr'>Ciceronis</span> <span class='ocrx_word' id='word_1_114' title='bbox 1151 1247 1386 1295; x_wconf 82' lang='lat' dir='ltr'>inuidiam,</span> <span class='ocrx_word' id='word_1_115' title='bbox 1418 1261 1533 1299; x_wconf 81' lang='lat' dir='ltr'>quae</span> <span class='ocrx_word' id='word_1_116' title='bbox 1557 1252 1718 1299; x_wconf 89' lang='lat' dir='ltr'>postea</span> 
     </span>
     <span class='ocr_line' id='line_1_15' title="bbox 225 1316 1716 1369; baseline -0.002 -9"><span class='ocrx_word' id='word_1_117' title='bbox 225 1323 325 1360; x_wconf 89' lang='lat' dir='ltr'>orta</span> <span class='ocrx_word' id='word_1_118' title='bbox 356 1323 437 1365; x_wconf 87' lang='lat' dir='ltr'>est,</span> <span class='ocrx_word' id='word_1_119' title='bbox 472 1316 597 1357; x_wconf 90' lang='lat' dir='ltr'>leniri</span> <span class='ocrx_word' id='word_1_120' title='bbox 631 1317 877 1357; x_wconf 86' lang='lat' dir='ltr'>credebant</span> <span class='ocrx_word' id='word_1_121' title='bbox 911 1317 1154 1357; x_wconf 87' lang='lat' dir='ltr'>atrocitate</span> <span class='ocrx_word' id='word_1_122' title='bbox 1188 1317 1362 1358; x_wconf 89' lang='lat' dir='ltr'>sceleris</span> <span class='ocrx_word' id='word_1_123' title='bbox 1413 1331 1582 1365; x_wconf 84' lang='lat' dir='ltr'>eorum,</span> <span class='ocrx_word' id='word_1_124' title='bbox 1641 1318 1716 1369; x_wconf 87' lang='lat' dir='ltr'>qui</span> 
     </span>
    </p>
   </div>
   <div class='ocr_carea' id='block_1_3' title="bbox 219 1435 1719 2362">
    <p class='ocr_par' dir='ltr' id='par_1_3' title="bbox 223 1435 1719 1535">
     <span class='ocr_line' id='line_1_16' title="bbox 318 1435 1719 1475; baseline 0 -9"><span class='ocrx_word' id='word_1_125' title='bbox 318 1445 332 1466; x_wconf 93' lang='lat'>1</span> <span class='ocrx_word' id='word_1_126' title='bbox 362 1436 469 1466; x_wconf 71' lang='lat' dir='ltr'>Arus.</span> <span class='ocrx_word' id='word_1_127' title='bbox 500 1435 573 1465; x_wconf 81' lang='lat' dir='ltr'>VII</span> <span class='ocrx_word' id='word_1_128' title='bbox 601 1439 624 1475; x_wconf 73' lang='lat' dir='ltr'>p</span> <span class='ocrx_word' id='word_1_129' title='bbox 647 1443 713 1473; x_wconf 71' lang='lat'>455</span> <span class='ocrx_word' id='word_1_130' title='bbox 735 1435 781 1465; x_wconf 77' lang='grc' dir='ltr'>Κ.</span> <span class='ocrx_word' id='word_1_131' title='bbox 809 1435 978 1466; x_wconf 78' lang='lat' dir='ltr'>&#39;admonet</span> <span class='ocrx_word' id='word_1_132' title='bbox 1001 1436 1098 1465; x_wconf 76' lang='lat' dir='ltr'>illius</span> <span class='ocrx_word' id='word_1_133' title='bbox 1121 1435 1193 1473; x_wconf 61' lang='lat' dir='ltr'>ref,</span> <span class='ocrx_word' id='word_1_134' title='bbox 1219 1437 1291 1467; x_wconf 81' lang='lat' dir='ltr'>Sal.</span> <span class='ocrx_word' id='word_1_135' title='bbox 1317 1437 1441 1467; x_wconf 70' lang='lat' dir='ltr'>Catil:</span> <span class='ocrx_word' id='word_1_136' title='bbox 1495 1436 1719 1467; x_wconf 84' lang='lat' dir='ltr'>admonebat</span> 
     </span>
     <span class='ocr_line' id='line_1_17' title="bbox 223 1493 1034 1535; baseline -0.002 -9"><span class='ocrx_word' id='word_1_137' title='bbox 223 1496 334 1527; x_wconf 87' lang='lat' dir='ltr'>alium</span> <span class='ocrx_word' id='word_1_138' title='bbox 355 1494 537 1535; x_wconf 71' lang='lat' dir='ltr'>egestatisy</span> <span class='ocrx_word' id='word_1_139' title='bbox 565 1494 676 1524; x_wconf 88' lang='lat' dir='ltr'>alium</span> <span class='ocrx_word' id='word_1_140' title='bbox 700 1493 914 1535; x_wconf 85' lang='lat' dir='ltr'>cupiditatis</span> <span class='ocrx_word' id='word_1_141' title='bbox 937 1504 1034 1525; x_wconf 89' lang='lat' dir='ltr'>suae.</span> 
     </span>
    </p>

    <p class='ocr_par' dir='ltr' id='par_1_4' title="bbox 219 1553 1718 1950">
     <span class='ocr_line' id='line_1_18' title="bbox 318 1553 1718 1595; baseline 0.001 -10"><span class='ocrx_word' id='word_1_142' title='bbox 318 1564 335 1593; x_wconf 83' lang='lat'><strong>5</strong></span> <span class='ocrx_word' id='word_1_143' title='bbox 357 1564 425 1594; x_wconf 78' lang='lat' dir='ltr'>sqq.</span> <span class='ocrx_word' id='word_1_144' title='bbox 473 1554 518 1591; x_wconf 78' lang='lat' dir='ltr'>Cf</span> <span class='ocrx_word' id='word_1_145' title='bbox 538 1554 664 1583; x_wconf 73' lang='lat' dir='ltr'>Floras</span> <span class='ocrx_word' id='word_1_146' title='bbox 687 1553 731 1583; x_wconf 89' lang='lat' dir='ltr'>II</span> <span class='ocrx_word' id='word_1_147' title='bbox 752 1562 826 1594; x_wconf 52' lang='lat'>134</span> <span class='ocrx_word' id='word_1_148' title='bbox 849 1553 1017 1584; x_wconf 86' lang='lat' dir='ltr'>additum</span> <span class='ocrx_word' id='word_1_149' title='bbox 1038 1558 1091 1584; x_wconf 90' lang='lat' dir='ltr'>est</span> <span class='ocrx_word' id='word_1_150' title='bbox 1113 1554 1244 1594; x_wconf 83' lang='lat' dir='ltr'>pignus</span> <span class='ocrx_word' id='word_1_151' title='bbox 1278 1555 1540 1585; x_wconf 86' lang='lat' dir='ltr'>coniurationis</span> <span class='ocrx_word' id='word_1_152' title='bbox 1572 1555 1718 1595; x_wconf 81' lang='lat' dir='ltr'>sanguis</span> 
     </span>
     <span class='ocr_line' id='line_1_19' title="bbox 222 1612 1716 1654; baseline -0.001 -9"><span class='ocrx_word' id='word_1_153' title='bbox 222 1615 419 1652; x_wconf 83' lang='lat' dir='ltr'>humanus,</span> <span class='ocrx_word' id='word_1_154' title='bbox 448 1622 557 1654; x_wconf 88' lang='lat' dir='ltr'>quem</span> <span class='ocrx_word' id='word_1_155' title='bbox 584 1612 840 1642; x_wconf 88' lang='lat' dir='ltr'>circumlatum</span> <span class='ocrx_word' id='word_1_156' title='bbox 867 1612 1002 1654; x_wconf 87' lang='lat' dir='ltr'>pateris</span> <span class='ocrx_word' id='word_1_157' title='bbox 1029 1612 1161 1643; x_wconf 82' lang='lat' dir='ltr'>bibere:</span> <span class='ocrx_word' id='word_1_158' title='bbox 1191 1623 1377 1644; x_wconf 83' lang='lat' dir='ltr'>summum</span> <span class='ocrx_word' id='word_1_159' title='bbox 1406 1614 1517 1652; x_wconf 82' lang='lat' dir='ltr'>nefas,</span> <span class='ocrx_word' id='word_1_160' title='bbox 1548 1614 1615 1644; x_wconf 86' lang='lat' dir='ltr'>nisi</span> <span class='ocrx_word' id='word_1_161' title='bbox 1643 1624 1716 1644; x_wconf 88' lang='lat' dir='ltr'>am-</span> 
     </span>
     <span class='ocr_line' id='line_1_20' title="bbox 222 1670 1717 1714; baseline 0 -10"><span class='ocrx_word' id='word_1_162' title='bbox 222 1673 319 1714; x_wconf 90' lang='lat' dir='ltr'>plius</span> <span class='ocrx_word' id='word_1_163' title='bbox 345 1676 438 1702; x_wconf 85' lang='lat' dir='ltr'>esset</span> <span class='ocrx_word' id='word_1_164' title='bbox 465 1674 612 1713; x_wconf 81' lang='lat' dir='ltr'>propter</span> <span class='ocrx_word' id='word_1_165' title='bbox 639 1670 738 1711; x_wconf 88' lang='lat' dir='ltr'>quod</span> <span class='ocrx_word' id='word_1_166' title='bbox 764 1671 945 1702; x_wconf 85' lang='lat' dir='ltr'>biberunt.</span> <span class='ocrx_word' id='word_1_167' title='bbox 972 1690 1019 1694; x_wconf 85' lang='lat'>—</span> <span class='ocrx_word' id='word_1_168' title='bbox 1043 1672 1138 1703; x_wconf 67' lang='lat' dir='ltr'>Lac-t.</span> <span class='ocrx_word' id='word_1_169' title='bbox 1167 1673 1262 1703; x_wconf 80' lang='lat' dir='ltr'>Flac.</span> <span class='ocrx_word' id='word_1_170' title='bbox 1292 1674 1337 1703; x_wconf 73' lang='lat' dir='ltr'>acl</span> <span class='ocrx_word' id='word_1_171' title='bbox 1364 1673 1467 1704; x_wconf 72' lang='lat' dir='ltr'>leel).</span> <span class='ocrx_word' id='word_1_172' title='bbox 1502 1673 1530 1702; x_wconf 66' lang='grc' dir='ltr'>Γ</span> <span class='ocrx_word' id='word_1_173' title='bbox 1554 1682 1619 1712; x_wconf 80' lang='lat'>159</span> <span class='ocrx_word' id='word_1_174' title='bbox 1647 1673 1717 1704; x_wconf 77' lang='lat' dir='ltr'>&#39;nec</span> 
     </span>
     <span class='ocr_line' id='line_1_21' title="bbox 222 1730 1717 1769; baseline -0.001 -6"><span class='ocrx_word' id='word_1_175' title='bbox 222 1733 261 1763; x_wconf 82' lang='lat' dir='ltr'>de</span> <span class='ocrx_word' id='word_1_176' title='bbox 289 1741 378 1763; x_wconf 76' lang='lat' dir='ltr'>more</span> <span class='ocrx_word' id='word_1_177' title='bbox 404 1731 514 1762; x_wconf 64' lang='lat' dir='ltr'>ci‘itor’</span> <span class='ocrx_word' id='word_1_178' title='bbox 541 1741 610 1761; x_wconf 76' lang='lat' dir='ltr'>non</span> <span class='ocrx_word' id='word_1_179' title='bbox 636 1730 857 1768; x_wconf 74' lang='lat' dir='ltr'>sacrificinm</span> <span class='ocrx_word' id='word_1_180' title='bbox 882 1732 1071 1762; x_wconf 73' lang='lat' dir='ltr'>secundum</span> <span class='ocrx_word' id='word_1_181' title='bbox 1099 1733 1356 1762; x_wconf 73' lang='lat' dir='ltr'>immolantium</span> <span class='ocrx_word' id='word_1_182' title='bbox 1384 1733 1488 1762; x_wconf 67' lang='lat' dir='ltr'>ritum</span> <span class='ocrx_word' id='word_1_183' title='bbox 1514 1732 1642 1769; x_wconf 74' lang='lat' dir='ltr'>factum</span> <span class='ocrx_word' id='word_1_184' title='bbox 1669 1736 1717 1763; x_wconf 80' lang='lat' dir='ltr'>est</span> 
     </span>
     <span class='ocr_line' id='line_1_22' title="bbox 219 1789 1716 1831; baseline 0.001 -11"><span class='ocrx_word' id='word_1_185' title='bbox 219 1809 266 1814; x_wconf 89' lang='lat'>—-</span> <span class='ocrx_word' id='word_1_186' title='bbox 287 1810 334 1813; x_wconf 96' lang='lat'><strong>—</strong></span> <span class='ocrx_word' id='word_1_187' title='bbox 355 1808 411 1820; x_wconf 83' lang='lat'>—.</span> <span class='ocrx_word' id='word_1_188' title='bbox 462 1789 667 1825; x_wconf 71' lang='lat' dir='ltr'>Sallustius,</span> <span class='ocrx_word' id='word_1_189' title='bbox 695 1799 777 1819; x_wconf 90' lang='lat' dir='ltr'>cum</span> <span class='ocrx_word' id='word_1_190' title='bbox 802 1790 998 1820; x_wconf 86' lang='lat' dir='ltr'>Catilinam</span> <span class='ocrx_word' id='word_1_191' title='bbox 1022 1790 1255 1831; x_wconf 87' lang='lat' dir='ltr'>parricidium</span> <span class='ocrx_word' id='word_1_192' title='bbox 1280 1790 1421 1831; x_wconf 80' lang='lat' dir='ltr'>patriae</span> <span class='ocrx_word' id='word_1_193' title='bbox 1447 1801 1529 1821; x_wconf 90' lang='lat' dir='ltr'>cum</span> <span class='ocrx_word' id='word_1_194' title='bbox 1553 1791 1716 1821; x_wconf 86' lang='lat' dir='ltr'>coniura-</span> 
     </span>
     <span class='ocr_line' id='line_1_23' title="bbox 222 1848 1715 1891; baseline -0.001 -10"><span class='ocrx_word' id='word_1_195' title='bbox 222 1850 268 1881; x_wconf 87' lang='lat' dir='ltr'>tis</span> <span class='ocrx_word' id='word_1_196' title='bbox 294 1849 435 1881; x_wconf 86' lang='lat' dir='ltr'>sancire</span> <span class='ocrx_word' id='word_1_197' title='bbox 462 1852 694 1887; x_wconf 83' lang='lat' dir='ltr'>monstraret,</span> <span class='ocrx_word' id='word_1_198' title='bbox 724 1848 774 1878; x_wconf 84' lang='lat' dir='ltr'>ait</span> <span class='ocrx_word' id='word_1_199' title='bbox 802 1849 951 1890; x_wconf 80' lang='lat' dir='ltr'>plenum</span> <span class='ocrx_word' id='word_1_200' title='bbox 975 1850 1127 1880; x_wconf 87' lang='lat' dir='ltr'>humani</span> <span class='ocrx_word' id='word_1_201' title='bbox 1154 1850 1340 1891; x_wconf 81' lang='lat' dir='ltr'>sanguinis</span> <span class='ocrx_word' id='word_1_202' title='bbox 1367 1851 1539 1891; x_wconf 86' lang='lat' dir='ltr'>poculum</span> <span class='ocrx_word' id='word_1_203' title='bbox 1566 1850 1715 1880; x_wconf 88' lang='lat' dir='ltr'>circum-</span> 
     </span>
     <span class='ocr_line' id='line_1_24' title="bbox 222 1908 1394 1950; baseline 0 -11"><span class='ocrx_word' id='word_1_204' title='bbox 222 1909 348 1940; x_wconf 90' lang='lat' dir='ltr'>tulisse</span> <span class='ocrx_word' id='word_1_205' title='bbox 370 1911 408 1938; x_wconf 89' lang='lat' dir='ltr'>et</span> <span class='ocrx_word' id='word_1_206' title='bbox 430 1908 514 1938; x_wconf 87' lang='lat' dir='ltr'>hinc</span> <span class='ocrx_word' id='word_1_207' title='bbox 535 1917 661 1938; x_wconf 89' lang='lat' dir='ltr'>omnes</span> <span class='ocrx_word' id='word_1_208' title='bbox 683 1911 810 1939; x_wconf 83' lang='lat' dir='ltr'>contra</span> <span class='ocrx_word' id='word_1_209' title='bbox 832 1909 988 1939; x_wconf 86' lang='lat' dir='ltr'>salutem</span> <span class='ocrx_word' id='word_1_210' title='bbox 1010 1909 1150 1949; x_wconf 86' lang='lat' dir='ltr'>patriae</span> <span class='ocrx_word' id='word_1_211' title='bbox 1172 1909 1394 1950; x_wconf 79' lang='lat' dir='ltr'>degustasse.</span> 
     </span>
    </p>

    <p class='ocr_par' dir='ltr' id='par_1_5' title="bbox 222 1967 1717 2127">
     <span class='ocr_line' id='line_1_25' title="bbox 315 1967 1716 2009; baseline 0.001 -12"><span class='ocrx_word' id='word_1_212' title='bbox 315 1971 345 1998; x_wconf 82' lang='lat' dir='ltr'>o.</span> <span class='ocrx_word' id='word_1_213' title='bbox 399 1967 580 2007; x_wconf 60' lang='lat' dir='ltr'>Eiigrafih.</span> <span class='ocrx_word' id='word_1_214' title='bbox 623 1967 669 1997; x_wconf 82' lang='lat' dir='ltr'>ad</span> <span class='ocrx_word' id='word_1_215' title='bbox 707 1967 812 1998; x_wconf 74' lang='lat' dir='ltr'>Phor.</span> <span class='ocrx_word' id='word_1_216' title='bbox 843 1968 863 1998; x_wconf 87' lang='lat' dir='ltr'><em>I</em></span> <span class='ocrx_word' id='word_1_217' title='bbox 892 1977 938 2009; x_wconf 81' lang='grc' dir='ltr'>Ι.1</span> <span class='ocrx_word' id='word_1_218' title='bbox 971 1967 1116 1999; x_wconf 73' lang='lat' dir='ltr'>’amicus</span> <span class='ocrx_word' id='word_1_219' title='bbox 1144 1979 1302 1999; x_wconf 79' lang='lat' dir='ltr'>summus</span> <span class='ocrx_word' id='word_1_220' title='bbox 1330 1972 1360 1999; x_wconf 82' lang='lat' dir='ltr'>et</span> <span class='ocrx_word' id='word_1_221' title='bbox 1387 1970 1572 2009; x_wconf 71' lang='lat' dir='ltr'>popularis</span> <span class='ocrx_word' id='word_1_222' title='bbox 1602 1968 1716 1999; x_wconf 79' lang='lat' dir='ltr'>Geta&#39;:</span> 
     </span>
     <span class='ocr_line' id='line_1_26' title="bbox 233 2026 1717 2068; baseline 0 -11"><span class='ocrx_word' id='word_1_223' title='bbox 233 2028 420 2068; x_wconf 70' lang='lat' dir='ltr'>popularis</span> <span class='ocrx_word' id='word_1_224' title='bbox 467 2026 576 2056; x_wconf 73' lang='lat' dir='ltr'>tribus</span> <span class='ocrx_word' id='word_1_225' title='bbox 607 2027 719 2056; x_wconf 72' lang='lat' dir='ltr'>modis</span> <span class='ocrx_word' id='word_1_226' title='bbox 750 2028 947 2067; x_wconf 73' lang='lat' dir='ltr'>accipimus</span> <span class='ocrx_word' id='word_1_227' title='bbox 988 2046 1035 2050; x_wconf 90' lang='lat'>——</span> <span class='ocrx_word' id='word_1_228' title='bbox 1061 2045 1108 2049; x_wconf 86' lang='lat'>—</span> <span class='ocrx_word' id='word_1_229' title='bbox 1135 2046 1181 2050; x_wconf 82' lang='lat'>-—</span> <span class='ocrx_word' id='word_1_230' title='bbox 1225 2027 1361 2058; x_wconf 75' lang='lat' dir='ltr'>&#39;socius&#39;</span> <span class='ocrx_word' id='word_1_231' title='bbox 1393 2031 1429 2057; x_wconf 84' lang='lat' dir='ltr'>ut</span> <span class='ocrx_word' id='word_1_232' title='bbox 1460 2028 1496 2058; x_wconf 80' lang='lat' dir='ltr'>in</span> <span class='ocrx_word' id='word_1_233' title='bbox 1527 2028 1717 2058; x_wconf 73' lang='lat' dir='ltr'>Sallustio:</span> 
     </span>
     <span class='ocr_line' id='line_1_27' title="bbox 222 2084 1581 2127; baseline 0.001 -11"><span class='ocrx_word' id='word_1_234' title='bbox 222 2096 304 2116; x_wconf 88' lang='lat' dir='ltr'>cum</span> <span class='ocrx_word' id='word_1_235' title='bbox 326 2085 372 2116; x_wconf 89' lang='lat' dir='ltr'>ad</span> <span class='ocrx_word' id='word_1_236' title='bbox 393 2084 647 2115; x_wconf 87' lang='lat' dir='ltr'>iusiurandum</span> <span class='ocrx_word' id='word_1_237' title='bbox 668 2085 853 2126; x_wconf 90' lang='lat' dir='ltr'>popularis</span> <span class='ocrx_word' id='word_1_238' title='bbox 874 2085 929 2116; x_wconf 86' lang='lat' dir='ltr'>sui</span> <span class='ocrx_word' id='word_1_239' title='bbox 951 2086 1091 2117; x_wconf 85' lang='lat' dir='ltr'>sceleris</span> <span class='ocrx_word' id='word_1_240' title='bbox 1113 2086 1285 2127; x_wconf 75' lang='lat' dir='ltr'>adigeret,</span> <span class='ocrx_word' id='word_1_241' title='bbox 1309 2087 1368 2117; x_wconf 77' lang='lat' dir='ltr'>hoc</span> <span class='ocrx_word' id='word_1_242' title='bbox 1390 2090 1439 2116; x_wconf 75' lang='lat' dir='ltr'>est</span> <span class='ocrx_word' id='word_1_243' title='bbox 1461 2087 1581 2117; x_wconf 81' lang='lat' dir='ltr'>socios.</span> 
     </span>
    </p>

    <p class='ocr_par' dir='ltr' id='par_1_6' title="bbox 219 2143 1716 2244">
     <span class='ocr_line' id='line_1_28' title="bbox 314 2143 1716 2186; baseline 0 -11"><span class='ocrx_word' id='word_1_244' title='bbox 314 2145 406 2175; x_wconf 84' lang='lat' dir='ltr'>Don.</span> <span class='ocrx_word' id='word_1_245' title='bbox 434 2144 470 2174; x_wconf 85' lang='lat' dir='ltr'>in</span> <span class='ocrx_word' id='word_1_246' title='bbox 495 2144 599 2174; x_wconf 75' lang='lat' dir='ltr'>Phor.</span> <span class='ocrx_word' id='word_1_247' title='bbox 626 2143 646 2173; x_wconf 92' lang='lat' dir='ltr'><em>I</em></span> <span class='ocrx_word' id='word_1_248' title='bbox 671 2153 718 2186; x_wconf 65' lang='lat' dir='ltr'>LI</span> <span class='ocrx_word' id='word_1_249' title='bbox 746 2144 954 2185; x_wconf 72' lang='lat' dir='ltr'>’popularis&#39;</span> <span class='ocrx_word' id='word_1_250' title='bbox 978 2146 1134 2176; x_wconf 78' lang='lat' dir='ltr'>eiusdem</span> <span class='ocrx_word' id='word_1_251' title='bbox 1157 2147 1374 2176; x_wconf 75' lang='lat' dir='ltr'>condicionis</span> <span class='ocrx_word' id='word_1_252' title='bbox 1398 2146 1587 2186; x_wconf 74' lang='lat' dir='ltr'>gregisque.</span> <span class='ocrx_word' id='word_1_253' title='bbox 1638 2145 1716 2176; x_wconf 81' lang='lat' dir='ltr'>Sal·</span> 
     </span>
     <span class='ocr_line' id='line_1_29' title="bbox 219 2202 880 2244; baseline -0.002 -9"><span class='ocrx_word' id='word_1_254' title='bbox 219 2205 372 2235; x_wconf 81' lang='lat' dir='ltr'>lustius:</span> <span class='ocrx_word' id='word_1_255' title='bbox 426 2202 612 2244; x_wconf 88' lang='lat' dir='ltr'>popularis</span> <span class='ocrx_word' id='word_1_256' title='bbox 642 2203 785 2233; x_wconf 89' lang='lat' dir='ltr'>sceleris</span> <span class='ocrx_word' id='word_1_257' title='bbox 814 2203 880 2234; x_wconf 89' lang='lat' dir='ltr'>sui.</span> 
     </span>
    </p>

    <p class='ocr_par' dir='ltr' id='par_1_7' title="bbox 222 2262 1715 2362">
     <span class='ocr_line' id='line_1_30' title="bbox 319 2262 1715 2304; baseline 0 -11"><span class='ocrx_word' id='word_1_258' title='bbox 319 2272 349 2301; x_wconf 92' lang='lat'>7.</span> <span class='ocrx_word' id='word_1_259' title='bbox 403 2262 447 2300; x_wconf 82' lang='lat' dir='ltr'>Cf</span> <span class='ocrx_word' id='word_1_260' title='bbox 484 2262 656 2302; x_wconf 74' lang='lat' dir='ltr'>Pompon.</span> <span class='ocrx_word' id='word_1_261' title='bbox 697 2262 796 2293; x_wconf 64' lang='lat' dir='ltr'>,Uela</span> <span class='ocrx_word' id='word_1_262' title='bbox 823 2263 867 2293; x_wconf 91' lang='lat' dir='ltr'>II</span> <span class='ocrx_word' id='word_1_263' title='bbox 894 2272 935 2293; x_wconf 84' lang='lat'>12</span> <span class='ocrx_word' id='word_1_264' title='bbox 962 2263 1129 2294; x_wconf 88' lang='lat' dir='ltr'>sauciant</span> <span class='ocrx_word' id='word_1_265' title='bbox 1154 2273 1191 2294; x_wconf 91' lang='lat' dir='ltr'>se</span> <span class='ocrx_word' id='word_1_266' title='bbox 1217 2263 1280 2304; x_wconf 89' lang='lat' dir='ltr'>qui</span> <span class='ocrx_word' id='word_1_267' title='bbox 1306 2263 1541 2304; x_wconf 87' lang='lat' dir='ltr'>paciscuntur</span> <span class='ocrx_word' id='word_1_268' title='bbox 1567 2273 1715 2304; x_wconf 81' lang='lat' dir='ltr'>exemp-</span> 
     </span>
     <span class='ocr_line' id='line_1_31' title="bbox 222 2320 1192 2362; baseline 0 -10"><span class='ocrx_word' id='word_1_269' title='bbox 222 2324 378 2362; x_wconf 87' lang='lat' dir='ltr'>tumque</span> <span class='ocrx_word' id='word_1_270' title='bbox 399 2320 614 2360; x_wconf 88' lang='lat' dir='ltr'>sanguinem</span> <span class='ocrx_word' id='word_1_271' title='bbox 636 2320 698 2350; x_wconf 86' lang='lat' dir='ltr'>ubi</span> <span class='ocrx_word' id='word_1_272' title='bbox 721 2321 961 2362; x_wconf 81' lang='lat' dir='ltr'>permiscuere</span> <span class='ocrx_word' id='word_1_273' title='bbox 983 2322 1192 2362; x_wconf 86' lang='lat' dir='ltr'>degustant.</span> 
     </span>
    </p>
   </div>
   <div class='ocr_carea' id='block_1_4' title="bbox 222 2396 432 2402">
    <p class='ocr_par' dir='ltr' id='par_1_8' title="bbox 222 2396 432 2402">
     <span class='ocr_line' id='line_1_32' title="bbox 222 2396 432 2402; baseline 0 0"><span class='ocrx_word' id='word_1_274' title='bbox 222 2396 432 2402; x_wconf 95' lang='lat' dir='ltr'> </span> 
     </span>
    </p>
   </div>
   <div class='ocr_carea' id='block_1_5' title="bbox 158 2449 1717 3023">
    <p class='ocr_par' dir='ltr' id='par_1_9' title="bbox 318 2449 1714 2491">
     <span class='ocr_line' id='line_1_33' title="bbox 318 2449 1714 2491; baseline 0.001 -10"><span class='ocrx_word' id='word_1_275' title='bbox 318 2459 331 2481; x_wconf 89' lang='lat'>1</span> <span class='ocrx_word' id='word_1_276' title='bbox 361 2449 474 2480; x_wconf 89' lang='lat' dir='ltr'>alium</span> <span class='ocrx_word' id='word_1_277' title='bbox 499 2458 609 2480; x_wconf 90' lang='lat' dir='ltr'>causa</span> <span class='ocrx_word' id='word_1_278' title='bbox 633 2449 806 2490; x_wconf 84' lang='lat' dir='ltr'>egestatis</span> <span class='ocrx_word' id='word_1_279' title='bbox 830 2462 853 2482; x_wconf 88' lang='lat' dir='ltr'>n</span> <span class='ocrx_word' id='word_1_280' title='bbox 879 2450 1052 2491; x_wconf 84' lang='lat' dir='ltr'>egestatis</span> <span class='ocrx_word' id='word_1_281' title='bbox 1075 2450 1188 2482; x_wconf 89' lang='lat' dir='ltr'>alium</span> <span class='ocrx_word' id='word_1_282' title='bbox 1203 2450 1316 2482; x_wconf 90' lang='lat' dir='ltr'>alium</span> <span class='ocrx_word' id='word_1_283' title='bbox 1332 2461 1412 2491; x_wconf 91' lang='lat' dir='ltr'>cup.</span> <span class='ocrx_word' id='word_1_284' title='bbox 1442 2456 1477 2482; x_wconf 99' lang='lat' dir='ltr'><strong>K</strong></span> <span class='ocrx_word' id='word_1_285' title='bbox 1696 2461 1714 2482; x_wconf 89' lang='lat'><strong>2</strong></span> 
     </span>
    </p>

    <p class='ocr_par' dir='ltr' id='par_1_10' title="bbox 220 2507 1716 2551">
     <span class='ocr_line' id='line_1_34' title="bbox 220 2507 1716 2551; baseline 0.001 -11"><span class='ocrx_word' id='word_1_286' title='bbox 220 2509 383 2541; x_wconf 86' lang='lat' dir='ltr'>sullanae</span> <span class='ocrx_word' id='word_1_287' title='bbox 405 2507 582 2539; x_wconf 87' lang='lat' dir='ltr'>uictoriae</span> <span class='ocrx_word' id='word_1_288' title='bbox 616 2510 688 2540; x_wconf 73' lang='lat' dir='ltr'>P⁴F</span> <span class='ocrx_word' id='word_1_289' title='bbox 832 2519 850 2548; x_wconf 85' lang='lat'>3</span> <span class='ocrx_word' id='word_1_290' title='bbox 874 2509 1030 2551; x_wconf 86' lang='lat' dir='ltr'>praedae</span> <span class='ocrx_word' id='word_1_291' title='bbox 1053 2520 1095 2540; x_wconf 92' lang='lat' dir='ltr'>ea</span> <span class='ocrx_word' id='word_1_292' title='bbox 1116 2509 1237 2540; x_wconf 76' lang='lat' dir='ltr'>fuerat</span> <span class='ocrx_word' id='word_1_293' title='bbox 1284 2510 1366 2541; x_wconf 84' lang='lat' dir='ltr'>M²T</span> <span class='ocrx_word' id='word_1_294' title='bbox 1533 2509 1655 2541; x_wconf 78' lang='lat' dir='ltr'>fuerat</span> <span class='ocrx_word' id='word_1_295' title='bbox 1674 2520 1716 2541; x_wconf 81' lang='lat' dir='ltr'>ex</span> 
     </span>
    </p>

    <p class='ocr_par' dir='ltr' id='par_1_11' title="bbox 158 2564 1717 2614">
     <span class='ocr_line' id='line_1_35' title="bbox 158 2564 1717 2614; baseline 0.001 -16"><span class='ocrx_word' id='word_1_296' title='bbox 158 2596 160 2598; x_wconf 78' lang='grc'>,</span> <span class='ocrx_word' id='word_1_297' title='bbox 219 2567 291 2599; x_wconf 83' lang='lat' dir='ltr'>fuit</span> <span class='ocrx_word' id='word_1_298' title='bbox 329 2573 356 2599; x_wconf 89' lang='lat' dir='ltr'>P</span> <span class='ocrx_word' id='word_1_299' title='bbox 500 2577 519 2606; x_wconf 90' lang='lat'>4</span> <span class='ocrx_word' id='word_1_300' title='bbox 540 2567 709 2598; x_wconf 85' lang='lat' dir='ltr'>cohortat</span> <span class='ocrx_word' id='word_1_301' title='bbox 733 2564 738 2614; x_wconf 78' lang='grc' dir='ltr'>Ι</span> <span class='ocrx_word' id='word_1_302' title='bbox 777 2573 811 2600; x_wconf 90' lang='grc' dir='ltr'><strong>Κ</strong></span> <span class='ocrx_word' id='word_1_303' title='bbox 954 2578 973 2608; x_wconf 84' lang='grc'>5</span> <span class='ocrx_word' id='word_1_304' title='bbox 994 2569 1094 2600; x_wconf 87' lang='grc'>111616</span> <span class='ocrx_word' id='word_1_305' title='bbox 1113 2569 1204 2600; x_wconf 87' lang='lat' dir='ltr'>item</span> <span class='ocrx_word' id='word_1_306' title='bbox 1223 2579 1264 2599; x_wconf 87' lang='lat' dir='ltr'>ea</span> <span class='ocrx_word' id='word_1_307' title='bbox 1303 2574 1369 2600; x_wconf 80' lang='lat' dir='ltr'>Fm</span> <span class='ocrx_word' id='word_1_308' title='bbox 1515 2571 1535 2599; x_wconf 86' lang='lat'>6</span> <span class='ocrx_word' id='word_1_309' title='bbox 1549 2569 1717 2600; x_wconf 83' lang='lat' dir='ltr'>oratione</span> 
     </span>
    </p>

    <p class='ocr_par' dir='ltr' id='par_1_12' title="bbox 225 2622 1715 2673">
     <span class='ocr_line' id='line_1_36' title="bbox 225 2622 1715 2673; baseline 0.001 -15"><span class='ocrx_word' id='word_1_310' title='bbox 225 2622 245 2673; x_wconf 86' lang='grc' dir='ltr'>ΙΙ</span> <span class='ocrx_word' id='word_1_311' title='bbox 266 2627 316 2667; x_wconf 91' lang='lat' dir='ltr'>(m</span> <span class='ocrx_word' id='word_1_312' title='bbox 329 2626 416 2665; x_wconf 74' lang='lat' dir='ltr'>eras)</span> <span class='ocrx_word' id='word_1_313' title='bbox 448 2625 487 2657; x_wconf 86' lang='lat' dir='ltr'>P1</span> <span class='ocrx_word' id='word_1_314' title='bbox 686 2637 703 2666; x_wconf 93' lang='lat'><em>7</em></span> <span class='ocrx_word' id='word_1_315' title='bbox 720 2627 878 2658; x_wconf 87' lang='lat' dir='ltr'>adiceret</span> <span class='ocrx_word' id='word_1_316' title='bbox 905 2622 947 2657; x_wconf 70' lang='grc' dir='ltr'>,ρ’</span> <span class='ocrx_word' id='word_1_317' title='bbox 1147 2637 1167 2664; x_wconf 83' lang='grc'>9</span> <span class='ocrx_word' id='word_1_318' title='bbox 1206 2628 1462 2668; x_wconf 83' lang='lat' dir='ltr'>degustassent</span> <span class='ocrx_word' id='word_1_319' title='bbox 1486 2640 1523 2659; x_wconf 87' lang='lat' dir='ltr'>m</span> <span class='ocrx_word' id='word_1_320' title='bbox 1549 2627 1599 2667; x_wconf 90' lang='lat' dir='ltr'>(ui</span> <span class='ocrx_word' id='word_1_321' title='bbox 1622 2628 1668 2667; x_wconf 84' lang='lat' dir='ltr'>ss)</span> <span class='ocrx_word' id='word_1_322' title='bbox 1697 2641 1715 2660; x_wconf 82' lang='lat' dir='ltr'>e</span> 
     </span>
    </p>

    <p class='ocr_par' dir='ltr' id='par_1_13' title="bbox 407 2684 1714 2728">
     <span class='ocr_line' id='line_1_37' title="bbox 407 2684 1714 2728; baseline 0.002 -12"><span class='ocrx_word' id='word_1_323' title='bbox 407 2685 501 2716; x_wconf 88' lang='lat' dir='ltr'>sicut</span> <span class='ocrx_word' id='word_1_324' title='bbox 551 2684 665 2717; x_wconf 84' lang='lat' dir='ltr'><strong>NM²F</strong></span> <span class='ocrx_word' id='word_1_325' title='bbox 862 2686 1113 2728; x_wconf 89' lang='lat' dir='ltr'>sollemnibus]</span> <span class='ocrx_word' id='word_1_326' title='bbox 1137 2686 1208 2717; x_wconf 90' lang='lat' dir='ltr'>tati</span> <span class='ocrx_word' id='word_1_327' title='bbox 1230 2697 1263 2717; x_wconf 86' lang='lat' dir='ltr'>ss</span> <span class='ocrx_word' id='word_1_328' title='bbox 1296 2687 1335 2718; x_wconf 87' lang='grc' dir='ltr'>Ρ1</span> <span class='ocrx_word' id='word_1_329' title='bbox 1353 2687 1643 2727; x_wconf 86' lang='lat' dir='ltr'>sollemptalibus</span> <span class='ocrx_word' id='word_1_330' title='bbox 1663 2687 1714 2726; x_wconf 85' lang='lat' dir='ltr'>(ni</span> 
     </span>
    </p>

    <p class='ocr_par' dir='ltr' id='par_1_14' title="bbox 219 2743 1714 2785">
     <span class='ocr_line' id='line_1_38' title="bbox 219 2743 1714 2785; baseline 0 -10"><span class='ocrx_word' id='word_1_331' title='bbox 219 2745 266 2785; x_wconf 79' lang='lat' dir='ltr'>ss)</span> <span class='ocrx_word' id='word_1_332' title='bbox 302 2744 342 2776; x_wconf 76' lang='grc' dir='ltr'>Ρ2</span> <span class='ocrx_word' id='word_1_333' title='bbox 591 2751 631 2773; x_wconf 90' lang='lat'>10</span> <span class='ocrx_word' id='word_1_334' title='bbox 647 2743 727 2775; x_wconf 83' lang='lat' dir='ltr'>fieri</span> <span class='ocrx_word' id='word_1_335' title='bbox 742 2746 834 2776; x_wconf 88' lang='lat' dir='ltr'>solet</span> <span class='ocrx_word' id='word_1_336' title='bbox 866 2750 900 2776; x_wconf 88' lang='lat' dir='ltr'>H</span> <span class='ocrx_word' id='word_1_337' title='bbox 920 2746 972 2784; x_wconf 86' lang='lat' dir='ltr'>(in</span> <span class='ocrx_word' id='word_1_338' title='bbox 989 2755 1057 2784; x_wconf 73' lang='lat' dir='ltr'>ras,</span> <span class='ocrx_word' id='word_1_339' title='bbox 1077 2745 1268 2777; x_wconf 80' lang='lat' dir='ltr'>consueuit</span> <span class='ocrx_word' id='word_1_340' title='bbox 1293 2755 1326 2776; x_wconf 84' lang='lat' dir='ltr'>ss</span> <span class='ocrx_word' id='word_1_341' title='bbox 1351 2749 1380 2776; x_wconf 77' lang='lat' dir='ltr'>et</span> <span class='ocrx_word' id='word_1_342' title='bbox 1404 2748 1492 2783; x_wconf 81' lang='lat' dir='ltr'>eras)</span> <span class='ocrx_word' id='word_1_343' title='bbox 1522 2750 1588 2776; x_wconf 84' lang='lat' dir='ltr'>Fm</span> <span class='ocrx_word' id='word_1_344' title='bbox 1616 2746 1714 2784; x_wconf 85' lang='lat' dir='ltr'>(con-</span> 
     </span>
    </p>

    <p class='ocr_par' dir='ltr' id='par_1_15' title="bbox 219 2798 1715 2843">
     <span class='ocr_line' id='line_1_39' title="bbox 219 2798 1715 2843; baseline -0.001 -8"><span class='ocrx_word' id='word_1_345' title='bbox 219 2803 340 2835; x_wconf 86' lang='lat' dir='ltr'>sueuit</span> <span class='ocrx_word' id='word_1_346' title='bbox 364 2803 410 2843; x_wconf 84' lang='lat' dir='ltr'>ss)</span> <span class='ocrx_word' id='word_1_347' title='bbox 656 2813 698 2834; x_wconf 93' lang='lat' dir='ltr'>eo</span> <span class='ocrx_word' id='word_1_348' title='bbox 723 2804 893 2835; x_wconf 89' lang='lat' dir='ltr'>dictitare</span> <span class='ocrx_word' id='word_1_349' title='bbox 918 2798 960 2833; x_wconf 72' lang='grc' dir='ltr'>,ρ’</span> <span class='ocrx_word' id='word_1_350' title='bbox 988 2804 1042 2842; x_wconf 90' lang='grc'>(60</span> <span class='ocrx_word' id='word_1_351' title='bbox 1068 2803 1212 2835; x_wconf 86' lang='lat' dir='ltr'>dictum</span> <span class='ocrx_word' id='word_1_352' title='bbox 1235 2807 1290 2834; x_wconf 90' lang='lat' dir='ltr'>est</span> <span class='ocrx_word' id='word_1_353' title='bbox 1312 2814 1385 2835; x_wconf 79' lang='lat' dir='ltr'>corr</span> <span class='ocrx_word' id='word_1_354' title='bbox 1414 2805 1455 2843; x_wconf 84' lang='lat' dir='ltr'>N)</span> <span class='ocrx_word' id='word_1_355' title='bbox 1485 2813 1526 2834; x_wconf 90' lang='lat' dir='ltr'>eo</span> <span class='ocrx_word' id='word_1_356' title='bbox 1551 2803 1650 2834; x_wconf 83' lang='lat' dir='ltr'>dicto</span> <span class='ocrx_word' id='word_1_357' title='bbox 1675 2813 1715 2834; x_wconf 86' lang='lat' dir='ltr'>re</span> 
     </span>
    </p>

    <p class='ocr_par' dir='ltr' id='par_1_16' title="bbox 218 2853 1712 2908">
     <span class='ocr_line' id='line_1_40' title="bbox 218 2853 1712 2908; baseline -0.001 -13"><span class='ocrx_word' id='word_1_358' title='bbox 218 2862 309 2895; x_wconf 87' lang='lat' dir='ltr'>M²m</span> <span class='ocrx_word' id='word_1_359' title='bbox 333 2861 414 2893; x_wconf 90' lang='lat' dir='ltr'>ideo</span> <span class='ocrx_word' id='word_1_360' title='bbox 440 2853 558 2907; x_wconf 58' lang='lat' dir='ltr'>dictas</span> <span class='ocrx_word' id='word_1_361' title='bbox 582 2853 642 2908; x_wconf 62' lang='grc'>165</span> <span class='ocrx_word' id='word_1_362' title='bbox 668 2867 699 2893; x_wconf 93' lang='lat' dir='ltr'><strong>D</strong></span> <span class='ocrx_word' id='word_1_363' title='bbox 725 2873 766 2894; x_wconf 89' lang='lat' dir='ltr'>eo</span> <span class='ocrx_word' id='word_1_364' title='bbox 790 2862 844 2894; x_wconf 87' lang='lat' dir='ltr'>ita</span> <span class='ocrx_word' id='word_1_365' title='bbox 874 2862 1016 2894; x_wconf 76' lang='lat' dir='ltr'>Dietsch</span> <span class='ocrx_word' id='word_1_366' title='bbox 1057 2857 1244 2905; x_wconf 87' lang='lat' dir='ltr'>[dictitare</span> <span class='ocrx_word' id='word_1_367' title='bbox 1280 2873 1295 2894; x_wconf 79' lang='lat' dir='ltr'>e</span> <span class='ocrx_word' id='word_1_368' title='bbox 1325 2864 1440 2904; x_wconf 82' lang='lat' dir='ltr'>glossa</span> <span class='ocrx_word' id='word_1_369' title='bbox 1471 2863 1712 2904; x_wconf 74' lang='lat' dir='ltr'>superscripta</span> 
     </span>
    </p>

    <p class='ocr_par' dir='ltr' id='par_1_17' title="bbox 219 2920 1710 3023">
     <span class='ocr_line' id='line_1_41' title="bbox 220 2920 1710 2963; baseline 0 -11"><span class='ocrx_word' id='word_1_370' title='bbox 220 2920 473 2952; x_wconf 82' lang='lat' dir='ltr'>dict=dicunt</span> <span class='ocrx_word' id='word_1_371' title='bbox 491 2925 521 2952; x_wconf 78' lang='lat' dir='ltr'>et</span> <span class='ocrx_word' id='word_1_372' title='bbox 539 2921 594 2951; x_wconf 82' lang='lat' dir='ltr'>ita</span> <span class='ocrx_word' id='word_1_373' title='bbox 612 2921 782 2962; x_wconf 83' lang='lat' dir='ltr'>exortum]</span> <span class='ocrx_word' id='word_1_374' title='bbox 976 2930 1013 2953; x_wconf 80' lang='lat'>11</span> <span class='ocrx_word' id='word_1_375' title='bbox 1042 2921 1186 2952; x_wconf 85' lang='lat' dir='ltr'>fecisset</span> <span class='ocrx_word' id='word_1_376' title='bbox 1208 2921 1238 2960; x_wconf 91' lang='lat' dir='ltr'>(t</span> <span class='ocrx_word' id='word_1_377' title='bbox 1257 2922 1337 2962; x_wconf 79' lang='lat' dir='ltr'>add)</span> <span class='ocrx_word' id='word_1_378' title='bbox 1366 2926 1400 2955; x_wconf 82' lang='grc' dir='ltr'><strong>Κ</strong></span> <span class='ocrx_word' id='word_1_379' title='bbox 1611 2921 1710 2963; x_wconf 91' lang='lat' dir='ltr'>quod</span> 
     </span>
     <span class='ocr_line' id='line_1_42' title="bbox 219 2974 1666 3023; baseline 0.001 -13"><span class='ocrx_word' id='word_1_380' title='bbox 219 2979 313 3010; x_wconf 86' lang='lat' dir='ltr'>inter</span> <span class='ocrx_word' id='word_1_381' title='bbox 350 2979 390 3011; x_wconf 75' lang='grc' dir='ltr'>Ρ2</span> <span class='ocrx_word' id='word_1_382' title='bbox 489 3018 499 3023; x_wconf 53' lang='lat'>..</span> <span class='ocrx_word' id='word_1_383' title='bbox 592 2988 632 3019; x_wconf 86' lang='lat'>13</span> <span class='ocrx_word' id='word_1_384' title='bbox 653 2980 899 3011; x_wconf 86' lang='lat' dir='ltr'>aestimabant</span> <span class='ocrx_word' id='word_1_385' title='bbox 919 2979 949 3009; x_wconf 86' lang='grc' dir='ltr'><em>Γ</em></span> <span class='ocrx_word' id='word_1_386' title='bbox 954 2974 962 2986; x_wconf 82' lang='lat'><em>&#39;</em></span> <span class='ocrx_word' id='word_1_387' title='bbox 984 2979 1105 3019; x_wconf 81' lang='lat' dir='ltr'>(existi</span> <span class='ocrx_word' id='word_1_388' title='bbox 1122 2990 1156 3010; x_wconf 84' lang='lat' dir='ltr'>ss</span> <span class='ocrx_word' id='word_1_389' title='bbox 1193 2980 1231 3019; x_wconf 92' lang='lat' dir='ltr'>T)</span> <span class='ocrx_word' id='word_1_390' title='bbox 1421 2989 1461 3020; x_wconf 86' lang='lat'>14</span> <span class='ocrx_word' id='word_1_391' title='bbox 1481 2980 1592 3012; x_wconf 89' lang='lat' dir='ltr'>lenire</span> <span class='ocrx_word' id='word_1_392' title='bbox 1630 2985 1666 3012; x_wconf 88' lang='grc' dir='ltr'><strong>Κ</strong></span> 
     </span>
    </p>
   </div>
  </div>
 </body>
</html>
