2028 3261
307 200 363 240 74
799 197 835 226 C.
881 196 1100 228 SALLVSTI
1143 196 1295 226 CRISPI

307 310 487 345 uocant.
539 303 651 344 Cato
699 304 844 343 clarus
893 309 1031 355 atque
1079 316 1269 355 magnus
1303 303 1508 343 habetur.
1547 305 1691 345 senati
1726 306 1800 347 de-

308 381 481 416 cretum
517 374 585 421 fit,
623 374 755 415 sicuti
790 374 861 414 ille
896 378 1145 414 censuerat.

263 459 285 488 2
395 445 483 488 Sed
516 445 625 485 mihi
660 445 805 485 multa
838 445 1016 497 legenti,
1053 444 1199 484 multa
1233 443 1448 491 audienti,
1473 458 1588 497 quae
1608 447 1803 499 populus

311 519 547 557 Romanus
589 516 711 556 domi
754 515 1030 568 militaeque,
1075 514 1187 555 mari
1231 520 1369 567 atque
1411 520 1531 555 terra
1572 518 1803 568 praeclara

309 587 512 628 facinora
548 586 668 634 fecit,
707 586 823 627 forte
859 586 1009 627 lubuit
1046 585 1294 633 attendere,
1335 598 1449 638 quae
1486 599 1554 626 res
1590 601 1804 630 maxume
1825 602 1851 643 5

264 671 288 710 3
310 664 443 698 tanta
478 657 660 710 negotia
696 657 999 698 sustinuisset.
1069 656 1266 697 sciebam
1302 669 1625 709 saepenumero
1660 671 1804 711 parua

311 742 450 768 manu
488 741 591 768 cum
628 727 804 779 magnis
840 727 1090 780 legionibus
1127 727 1327 768 hostium
1365 727 1664 777 contendisse;
1704 743 1803 782 cog-

311 812 528 839 noueram
559 797 712 850 paruis
743 798 882 850 copiis
912 798 1030 838 bella
1061 803 1188 849 gesta
1218 812 1321 838 cum
1353 798 1579 851 opulentis
1610 799 1801 851 regibus,

312 868 370 910 ad
416 869 501 909 hoc
547 881 679 921 saepe
724 867 935 908 fortunae
981 867 1245 908 uiolentiam
1291 868 1566 917 tolerauisse,
1591 869 1806 911 facundia

264 953 290 993 4
311 940 517 987 Graecos,
546 939 685 991 gloria
710 938 814 979 belli
841 938 992 980 Gallos
1018 944 1124 978 ante
1151 941 1381 981 Romanos
1406 939 1554 981 fuisse.
1614 954 1665 981 ac
1690 941 1799 982 mihi
1822 954 1879 984 10

312 1011 458 1052 multa
489 1009 681 1062 agitanti
712 1009 956 1050 constabat
985 1022 1236 1062 paucorum
1266 1009 1434 1051 ciuium
1464 1011 1687 1063 egregiam
1717 1012 1805 1053 uir-

311 1087 461 1122 tutem
492 1087 657 1121 cuncta
687 1080 953 1133 patrauisse,
987 1093 1129 1132 eoque
1160 1080 1348 1128 factum,
1382 1080 1449 1121 uti
1481 1080 1666 1121 diuitias
1695 1095 1805 1135 pau-

266 1163 290 1205 5
310 1157 476 1206 pertas,
514 1151 858 1192 multitudinem
891 1150 1100 1204 paucitas
1135 1156 1381 1204 superaret.
1448 1151 1526 1192 sed
1559 1156 1807 1205 postquam

411 1280 437 1302 1.
489 1272 534 1310 Cj
558 1271 649 1302 Dis-t.
677 1271 696 1301 I
723 1271 764 1301 16
790 1280 944 1310 magnus
969 1274 1080 1310 atque
1106 1271 1223 1301 clarus
1247 1270 1463 1301 habebatur.

407 1330 497 1361 Dou.
527 1331 573 1362 ad
598 1331 683 1361 Hcs.
713 1330 780 1360 III
808 1339 874 1372 a„
907 1329 1001 1370 'quid
1026 1330 1095 1368 fuit
1121 1329 1274 1361 tmnultzs'
1303 1331 1442 1370 antiqui
1468 1331 1516 1360 sic
1544 1331 1810 1362 declinauerunt

312 1390 456 1421 tumulti?
477 1391 601 1426 senati,
628 1393 661 1419 ut
684 1390 896 1420 Sallustius:
918 1389 1036 1419 senati
1057 1388 1244 1419 decretum
1265 1388 1320 1419 fit.
1354 1407 1401 1411 —-
1422 1389 1559 1420 Charis.
1584 1390 1603 1420 I
1625 1394 1648 1431 p
1671 1400 1738 1430 143
1759 1392 1806 1422 Κ.

316 1449 452 1480 ’senati'
488 1449 701 1480 Sallustius:
733 1448 853 1479 senati
885 1447 1076 1478 decretum
1109 1447 1164 1478 fit.
1189 1467 1235 1470 —
1258 1448 1371 1479 Prisc.
1396 1449 1439 1478 II
1459 1452 1483 1489 p
1506 1449 1574 1487 258
1598 1450 1643 1479 K.
1672 1449 1809 1481 'senati'

313 1513 376 1549 pro
417 1508 580 1539 'senatus'
617 1508 809 1538 Sallustius
847 1509 883 1537 in
920 1508 1153 1538 Catiliuarios
1188 1506 1306 1537 senati
1342 1506 1529 1537 decretum
1555 1507 1610 1546 fit,
1634 1508 1728 1539 sicut
1751 1509 1813 1539 ille

316 1570 515 1598 censuerat.

410 1636 439 1665 3.
488 1627 681 1666 Augustin.
708 1627 776 1656 siu.
803 1627 834 1657 d.
867 1626 895 1655 V
920 1634 961 1655 12
986 1627 1075 1656 sicut
1099 1625 1189 1655 idem
1214 1626 1399 1656 historicus
1423 1626 1508 1656 dicit
1532 1626 1650 1656 multa
1672 1625 1742 1657 sibi
1763 1626 1811 1657 le-

315 1686 415 1726 genti
439 1688 475 1716 et
500 1685 663 1715 audienti
688 1695 781 1725 quae
806 1685 964 1727 populus
989 1686 1179 1714 Romanus
1203 1683 1302 1715 domi
1326 1683 1551 1725 militiaeque
1576 1685 1667 1715 inari
1691 1684 1813 1727 adque

316 1748 413 1775 terra
447 1745 633 1786 praeclara
666 1744 828 1775 facinora
862 1743 987 1774 fecerit
1021 1743 1169 1774 libuisse
1204 1742 1401 1774 adtendere
1435 1753 1529 1784 quae
1562 1753 1618 1774 res
1651 1744 1813 1776 maxime

317 1807 424 1835 tanta
452 1803 598 1844 negotia
627 1803 871 1840 sustinuisset;
902 1803 1070 1844 quoniam
1099 1802 1238 1833 sciebat
1266 1812 1527 1843 saepenumero
1557 1812 1672 1843 parua
1699 1813 1813 1834 manu

318 1873 400 1894 cuni
420 1862 561 1903 magnis
580 1862 783 1903 legionibus
802 1862 965 1893 hostium
985 1861 1214 1893 contendisse
1233 1862 1423 1900 Romanos,
1446 1865 1668 1902 cognouerat
1688 1862 1815 1904 paruis

318 1922 430 1963 copiis
450 1922 544 1952 bella
564 1924 666 1961 gesta
687 1932 769 1953 cum
789 1921 973 1963 opulentis
992 1921 1145 1962 regibus;
1168 1920 1310 1962 sibique
1331 1921 1449 1951 inulta
1469 1920 1625 1961 agitanti
1646 1924 1814 1952 constare

317 1982 408 2012 dixit
443 1990 644 2023 paucorum
679 1981 816 2011 ciuium
850 1980 1030 2021 egregiam
1064 1980 1243 2011 uirtutem
1278 1982 1411 2010 cuncta
1445 1979 1661 2021 patrauisse,
1698 1990 1815 2022 eoque

317 2041 460 2071 factum
493 2043 535 2070 ut
570 2039 720 2071 diuitias
754 2043 963 2081 paupertas,
1000 2039 1279 2070 multitudinem
1313 2038 1480 2080 paucitas
1514 2042 1713 2080 superaret.
1749 2038 1815 2070 sed

319 2103 518 2141 postquam
545 2099 635 2130 luxu
664 2099 783 2140 adque
812 2099 962 2137 desidia,
995 2100 1120 2140 iuquit,
1151 2098 1282 2129 ciuitas
1311 2101 1482 2139 corrupta
1511 2102 1576 2137 est,
1607 2108 1730 2130 rursus
1757 2108 1817 2130 res

319 2159 467 2200 publica
486 2158 740 2198 magnitudine
760 2158 815 2189 sui
833 2158 1098 2199 imperatorum
1118 2156 1236 2199 adque
1256 2157 1541 2198 magistratuum
1561 2157 1653 2188 uitia
1670 2160 1814 2188 susten-

320 2218 437 2249 tabat.
472 2236 518 2240 ——
552 2218 596 2256 Cf
629 2218 847 2249 Pseudosall.
870 2222 922 2258 ep.
946 2218 989 2248 II
1010 2226 1084 2256 10.3
1105 2227 1169 2257 ego
1190 2218 1309 2248 multa
1328 2216 1479 2257 legendo
1500 2219 1611 2257 atque
1631 2215 1816 2247 audiendo

319 2277 373 2308 ita
403 2277 574 2318 comperi.

416 2346 445 2376 7.
493 2337 601 2367 Arus.
633 2336 707 2367 VII
730 2340 753 2377 j>
777 2344 843 2376 459
866 2336 912 2366 K.
941 2335 1117 2366 'contendo
1139 2335 1273 2373 teczmz',
1299 2335 1371 2365 Sal.
1398 2319 1523 2365 Catil.-
1570 2344 1652 2364 cum
1675 2333 1818 2375 magnis

321 2395 525 2436 legionibus
556 2395 720 2426 hostium
752 2394 993 2426 contendisse.

419 2592 431 2614 1
456 2585 591 2613 uocant
616 2577 651 2628 ΙΗ
678 2583 728 2621 (es
746 2583 834 2622 eras)
878 2587 904 2613 P
937 2613 941 2619 ,
1095 2591 1250 2622 magnus
1270 2584 1381 2621 atque
1401 2582 1518 2612 clarus
1556 2581 1627 2613 P4'1'

322 2641 439 2672 senati
461 2647 487 2674 P
511 2641 534 2681 (i
554 2644 642 2678 eras)
670 2641 826 2673 P¹P⁴1me
847 2644 995 2672 senatus
1015 2640 1087 2682 [P¹]
1109 2642 1169 2672 rell
1357 2650 1375 2671 2
1397 2640 1541 2671 decreto
1564 2638 1668 2679 T[F]s

418 2711 435 2739 3
462 2701 579 2731 multa
605 2700 693 2730 mihi
720 2706 748 2731 B
973 2710 1046 2740 qua
1070 2710 1096 2730 r.
1125 2710 1157 2742 p.
1186 2712 1221 2731 m
1436 2711 1455 2739 4
1480 2698 1719 2741 militiaeque]
1745 2709 1819 2740 que

323 2770 377 2790 om
397 2765 407 2790 l
578 2769 596 2798 5
620 2759 695 2789 fore
719 2749 810 2798 (t‘ss)
830 2765 856 2791 P
1030 2769 1049 2797 9
1071 2759 1242 2789 fortunae
1264 2759 1300 2789 in
1323 2769 1378 2799 mg
1404 2765 1432 2790 N
1626 2767 1667 2788 10
1687 2757 1817 2790 fuisset

323 2831 346 2849 n
596 2822 632 2848 at
663 2818 753 2849 mihi
786 2823 850 2849 BD
1046 2827 1085 2857 13
1118 2821 1324 2858 superasset
1358 2818 1523 2850 KM²Tne
